3600 5594
845 475 1075 543 ..14-

331 691 367 755 et
384 682 428 754 ad
446 705 482 754 se
501 682 741 755 consolandum
765 684 895 773 scripta
918 683 1081 755 declarat.
1106 683 1183 754 Nec
1206 683 1381 755 dissimilis
1405 689 1459 754 est
1478 684 1590 772 prima

331 808 486 898 Epistola
508 827 551 878 ex
573 807 699 898 Ponto,
725 829 788 897 qua
814 808 857 879 ad
880 809 1026 878 Brutum
1054 809 1183 896 scripta
1210 814 1315 897 negat
1338 807 1401 877 has
1425 807 1589 896 epistolas

331 953 393 1003 nec
412 932 560 1022 publicis
578 931 797 1004 bibliothecis
816 933 1020 1002 constitutas
1039 952 1101 1003 nec
1122 933 1316 1002 nominibus
1330 933 1457 1004 additis
1473 953 1589 1002 eorum

303 1059 375 1148 ,ad
399 1079 485 1148 quos
509 1057 656 1146 scriptae
685 1056 755 1128 sint
786 1057 893 1128 ullum
921 1057 1112 1146 periculum
1135 1057 1271 1147 afferre,
1301 1058 1381 1146 quia
1408 1063 1444 1128 et
1471 1056 1605 1152 laudes¹

331 1181 481 1268 Augusti
509 1186 543 1251 et
569 1201 652 1252 suae
680 1181 799 1270 culpae
828 1180 1059 1253 confessiones
1087 1183 1296 1252 contineant.
1339 1183 1427 1252 Nam
1454 1182 1517 1270 Ep.
1550 1201 1591 1250 ex

331 1305 372 1376 P.
388 1304 435 1394 ΙΙ,
455 1309 501 1394 1.,
522 1327 589 1395 qua
604 1304 809 1378 Germanico
830 1308 980 1396 Augusti
999 1307 1211 1398 triumphum
1231 1307 1492 1396 congratulatur
1511 1326 1589 1397 pro-

332 1429 512 1519 priumque
535 1430 745 1520 triumphum
774 1430 964 1521 praedicit,
996 1431 1065 1519 ΙΙΙ,
1094 1436 1125 1502 l.
1151 1452 1218 1521 qua
1246 1431 1344 1501 oxori
1375 1439 1411 1500 et
1432 1430 1592 1500 miserias

333 1575 412 1625 suas
431 1554 595 1627 describit
613 1560 649 1625 et
666 1560 706 1624 ut
723 1555 934 1646 abAugnsto
953 1575 1015 1644 per
1034 1577 1176 1625 uxorem
1197 1555 1271 1626 eins
1290 1555 1423 1625 veniam
1442 1553 1509 1625 sibi
1528 1555 1590 1623 im-

333 1684 447 1768 petret
478 1679 768 1768 committit31V,
806 1684 837 1749 l.
872 1699 940 1770 qna
968 1679 1003 1750 S.
1032 1680 1198 1768 Pompeio
1230 1700 1293 1768 pro
1327 1679 1467 1750 summis
1496 1679 1591 1747 inse

332 1804 465 1875 meritis
485 1804 558 1893 agit
579 1803 719 1893 gratias,
743 1804 842 1874 initia
864 1805 973 1894 magis
997 1825 1098 1893 quarn
1123 1803 1261 1874 exordia
1285 1803 1335 1874 vel
1359 1803 1592 1893 praefationes

331 1927 499 1998 librorum
518 1948 594 1998 esse
620 1933 776 2019 apparet,
805 1934 844 1998 ut
868 1929 934 1998 etsi
958 1929 1069 2016 primo
1093 1949 1230 2018 quoqne
1250 1929 1322 1998 loco
1347 1934 1427 1999 sunt
1445 1929 1591 2016 positae,

333 2053 438 2122 alium
457 2058 572 2123 tamen
594 2053 750 2142 quemvis
774 2052 884 2123 locum
907 2073 973 2122 non
997 2054 1111 2123 minus
1134 2052 1311 2123 commode
1334 2053 1490 2122 obtinere
1513 2071 1592 2140 pos-

334 2178 413 2248 sint.
434 2175 551 2266 Atque
571 2175 661 2246 idem
680 2175 752 2246 fere
771 2176 813 2247 de
829 2176 963 2247 Tibullo
982 2177 1065 2248 licet
1084 2177 1199 2247 dicere
1217 2182 1358 2266 praeter
1376 2177 1441 2265 ΙΙΙ,
1462 2181 1507 2264 1.,
1528 2196 1594 2264 qua

333 2301 393 2372 ille
417 2301 529 2390 elegia
552 2301 641 2372 hunc
664 2300 790 2370 librum
809 2301 949 2371 Martiis
968 2299 1129 2371 Calendis
1152 2300 1247 2371 lanto
1273 2308 1396 2372 ornatu
1420 2303 1459 2370 ad
1482 2301 1593 2371 Neae-

334 2447 408 2496 ram
435 2426 486 2495 ire
520 2445 686 2515 suumque
719 2445 871 2495 amorem
902 2426 1024 2496 testari
1051 2425 1149 2495 iubet
1171 2465 1222 2476 -
1245 2446 1323 2494 nam
1352 2423 1479 2494 Tibulli
1504 2445 1593 2493 nunc

334 2550 515 2622 brevitatis
538 2570 642 2620 causa
666 2549 741 2620 dico
767 2571 853 2640 quae
882 2550 954 2620 eius
982 2549 1153 2638 feruntur,
1184 2548 1249 2618 etsi
1276 2567 1339 2618 nec
1366 2548 1508 2618 tertium
1532 2567 1593 2616 nec

335 2679 495 2764 quartum
514 2673 639 2744 librum
657 2672 701 2744 ab
717 2695 757 2744 eo
775 2673 923 2743 alienum
944 2694 1020 2744 esse
1039 2673 1249 2762 negaverim,
1272 2711 1321 2722 -
1341 2671 1407 2741 nisi
1425 2669 1516 2742 forte
1535 2671 1594 2741 ille

335 2799 364 2888 I,
383 2801 429 2885 1.,
446 2797 507 2866 nbi
524 2817 561 2866 se
581 2816 647 2865 non
667 2796 805 2867 divitias
823 2797 913 2868 bello
932 2802 1065 2886 petere,
1085 2797 1145 2867 sed
1164 2796 1316 2866 rusticae
1333 2797 1427 2866 vitae
1445 2815 1594 2884 pauper-

334 2926 442 2992 tatem
461 2920 581 2992 Deliae
601 2941 715 2991 amore
734 2927 891 2991 ornatam
910 2920 1035 2992 ceteris
1058 2921 1215 2993 omnibns
1234 2919 1409 2992 anteferre
1429 2920 1594 3010 declarat,

336 3066 404 3136 quo
425 3046 459 3115 in
479 3064 606 3135 genere
626 3046 741 3116 omnis
760 3045 911 3115 carmina
930 3046 1000 3116 sint
1018 3046 1132 3135 posita
1150 3047 1302 3116 indicare
1321 3046 1467 3116 videtur.
1497 3044 1595 3134 Quod

335 3170 425 3242 enim
442 3170 488 3259 ΙΙ,
513 3174 545 3241 l.
567 3189 728 3259 agrorum
745 3170 983 3242 lustrationem
1001 3171 1150 3261 peragit,
1173 3170 1209 3240 id
1228 3172 1295 3241 alio
1316 3171 1406 3241 omni
1425 3171 1501 3242 loco
1520 3171 1596 3260 pari

335 3295 410 3365 inre
429 3300 565 3384 poterat
583 3292 715 3383 facere,
736 3296 907 3366 Messalae
926 3301 1040 3366 antem
1060 3295 1214 3366 laudatio
1234 3302 1268 3365 et
1286 3295 1329 3364 ab
1348 3300 1491 3365 auctore
1504 3296 1594 3366 inse·

338 3420 514 3507 quantiam
533 3419 723 3488 carminum
742 3420 854 3490 aliena
879 3419 1015 3489 videtur
1037 3438 1161 3510 neque,
1186 3426 1225 3489 ut
1244 3419 1288 3489 sit
1306 3418 1460 3489 eiusdem
1479 3427 1594 3490 ancto-

337 3541 398 3630 ris,
423 3561 500 3612 cum
518 3541 561 3613 iis
581 3541 649 3612 nllo
668 3548 770 3632 pacto
790 3543 962 3613 cohaeret.
983 3543 1117 3614 Rursus
1132 3541 1287 3614 Catullus
1301 3544 1412 3633 primo
1433 3545 1595 3635 carmine,

337 3667 409 3738 sive
428 3666 464 3737 id
482 3666 589 3737 totius
608 3665 698 3751 libri,
718 3667 801 3757 sive,
826 3665 915 3754 quod
940 3667 1049 3756 magis
1069 3667 1252 3738 verisimile
1278 3673 1342 3759 est,
1363 3689 1438 3739 cum
1458 3667 1595 3740 Osanno

337 3789 395 3882 (ad
427 3790 529 3880 Apul.
559 3811 593 3879 p.
625 3791 717 3883 52),
747 3790 934 3862 Leutscbio
962 3790 1143 3880 (Philolog.
1180 3792 1228 3884 X,
1263 3794 1381 3884 735.),
1415 3794 1596 3864 Brnnnero

336 3914 373 4004 (l.
398 3913 421 3984 l.
447 3935 525 4004 pag.
553 3916 639 3986 602.
670 3915 732 4004 ss.)
759 3915 931 3986 brevioris
959 3915 1039 3986 libri
1066 3921 1187 4007 postea
1214 3917 1247 3987 in
1277 3937 1352 3988 enm
1382 3935 1481 4005 quern
1506 3935 1595 3986 nnnc

337 4037 501 4110 habemus
519 4040 652 4128 recepti
673 4040 850 4110 exordium
873 4037 979 4111 fnisse
1004 4042 1248 4132 existimamur,
1269 4048 1304 4112 et
1322 4048 1496 4111 externam
1515 4041 1596 4111 libri

338 4163 485 4253 speciem
510 4163 652 4253 attingit
674 4170 711 4234 et
732 4162 894 4236 Cornelio
923 4185 985 4236 cur
1013 4187 1089 4238 eum
1116 4166 1252 4238 dedicet
1278 4165 1392 4255 aperit
1419 4171 1454 4235 et
1478 4170 1516 4236 nt
1539 4165 1596 4236 diu

227 4377 230 4388 ι
337 4295 475 4361 maneat
492 4293 600 4379 optat.
620 4287 787 4361 Venimus
805 4288 849 4360 ad
868 4290 1059 4361 Horatium.
1082 4291 1149 4378 Qui
1167 4288 1206 4360 O.
1226 4289 1255 4380 I,
1279 4293 1310 4359 1.
1338 4309 1415 4360 cum
1434 4290 1511 4361 aliis
1530 4291 1598 4362 alia

339 4415 559 4504 sequentibus
579 4433 617 4486 se
639 4413 741 4504 lyrici
762 4419 884 4504 poetae
907 4435 1027 4486 nomen
1050 4415 1100 4484 ait
1122 4419 1298 4504 appetere,
1322 4433 1430 4503 genus
1456 4435 1596 4487 suorum

339 4539 525 4609 carminum
544 4544 663 4628 aperte
682 4539 910 4628 demonstrat3
935 4537 1060 4609 tectius
1082 4538 1172 4610 idern
1190 4536 1336 4610 fortasse
1354 4538 1401 4629 Il,
1426 4543 1457 4610 l.
1479 4559 1554 4610 cnm
1576 4559 1596 4608 a

338 4662 501 4734 Pollionis
525 4664 681 4735 historiis
704 4664 855 4755 ipsisque
879 4664 979 4735 bellis
1003 4662 1159 4742 civilibus
1184 4663 1227 4734 ad
1246 4663 1375 4735 leviora
1393 4667 1596 4753 argumenta

340 4786 475 4860 Musam
496 4793 628 4879 avocat,
648 4796 750 4878 atque
770 4792 871 4859 etiam
891 4789 1015 4858 tectius
1033 4787 1096 4878 IV,
1120 4793 1166 4878 l.,
1187 4789 1215 4858 si
1235 4789 1372 4880 quidem
1392 4795 1427 4859 et
1446 4789 1595 4860 alienum
