3600 5594
832 391 1043 460 -8-

491 602 580 674 Nam
598 606 752 692 quotam
771 601 897 673 dubiae
915 606 1073 673 servetur
1092 602 1232 692 spiritus
1250 602 1384 674 horae?

543 725 701 798 Nestoris
721 731 776 798 est
793 726 888 798 visus
905 733 984 816 post
1001 727 1071 798 tria
1090 725 1202 798 saecla
1220 726 1316 798 cinis.

493 851 556 924 Oui
575 857 646 922 tam
662 850 848 941 longaevae
865 850 1048 923 minuisset
1065 849 1136 922 fata
1155 856 1315 922 senectae

536 955 695 1047 11111111
714 974 829 1046 loacas
847 975 945 1071 miles
962 976 997 1046 n
1016 976 1214 1066 aggeribus!
1238 1016 1283 1027 -

307 1174 337 1244 si
363 1192 413 1242 vs.
445 1175 507 1242 45.
537 1191 584 1242 11.
615 1170 700 1241 satis
730 1170 996 1262 considerasset,
1035 1170 1159 1262 quibus
1186 1172 1316 1244 Nestor
1344 1174 1374 1244 si
1401 1174 1570 1246 maturius

308 1295 438 1367 obisset
468 1316 626 1385 magnam
653 1293 884 1367 calamitatem
916 1317 983 1368 non
1013 1298 1149 1368 visurus
1180 1295 1285 1369 luisse
1313 1296 1451 1369 dicitur.
1486 1298 1571 1368 Inde

307 1420 397 1490 enim
420 1420 532 1491 elucet
557 1418 789 1512 Propertium,
814 1427 997 1511 postquam
1024 1428 1059 1493 et
1085 1422 1191 1493 vitam
1221 1421 1409 1494 declararit
1438 1443 1570 1493 omnem

280 1519 285 1528 ⁰
307 1545 417 1616 amori
436 1543 588 1616 deditam
606 1551 643 1615 et
659 1542 762 1615 funus
781 1565 880 1615 suum
899 1545 928 1616 si
948 1545 1082 1636 quando
1101 1545 1256 1618 futurum
1267 1550 1358 1617 esset
1376 1545 1571 1635 mortuique

307 1669 507 1741 memoriam
535 1669 663 1740 amicae
687 1669 911 1760 commiserit,
931 1668 1062 1741 idcirco
1091 1691 1127 1741 se
1150 1671 1220 1742 iam
1242 1670 1376 1760 pridem
1398 1676 1572 1742 mortuum

308 1814 448 1884 cupere,
469 1794 560 1885 quod
579 1794 608 1866 si
625 1794 792 1884 parvulus
811 1800 902 1865 esset
918 1798 1075 1866 mortuus
1095 1793 1265 1885 Cynthiae
1288 1815 1440 1866 amorem
1458 1795 1572 1885 aepul-

308 1928 477 2010 turaeque
502 1940 622 1990 curam
645 1919 805 1990 amittere
826 1924 894 1990 non
917 1923 1045 2008 posset.
1069 1919 1158 1989 Nam
1181 1918 1281 1990 aliter
1305 1927 1340 1991 et
1363 1942 1424 1991 cur
1443 1921 1574 1992 Nestor

308 2049 520 2115 memoretur
539 2043 687 2132 intelligi
706 2043 763 2115 vix
780 2044 917 2133 poterit,
939 2048 975 2113 et
993 2063 1118 2114 11111.
1138 2046 1196 2115 51.
1218 2044 1424 2136 Propertius
1444 2047 1517 2134 ipse
1537 2067 1573 2118 se

308 2177 469 2258 tanquam
493 2169 710 2240 consoletur:
741 2168 793 2239 Tu
808 2173 922 2238 tamen
939 2169 1065 2239 omisso
1078 2189 1323 2258 nonnunquam
1336 2167 1434 2241 flebis
1449 2172 1571 2242 amico.

308 2294 365 2365 Sic
393 2294 483 2365 enim
511 2314 571 2383 spe
598 2291 679 2363 fidei
707 2291 872 2380 perfidiae
899 2292 1016 2364 timori
1044 2295 1209 2384 occurrit,
1240 2315 1342 2384 quem
1370 2295 1530 2366 timorem
1554 2317 1574 2368 a

308 2417 494 2509 Propertio
512 2438 579 2490 non
600 2438 674 2489 esse
693 2417 842 2489 alienum
862 2414 1086 2488 confirmatur
1103 2418 1202 2488 initio
1221 2418 1250 2508 I,
1275 2422 1333 2489 19.

413 2611 1434 2702 mwmmmmmmmwffl—

414 2738 482 2810 Sed
500 2759 543 2809 ne
562 2736 654 2810 forte
673 2742 733 2809 tuo
753 2741 871 2808 careat
889 2735 973 2807 mihi
992 2735 1094 2806 funus
1113 2756 1239 2807 amore.

493 2862 561 2935 Hic
580 2862 684 2935 timor
702 2864 755 2934 est
771 2861 858 2952 ipsis
876 2860 994 2932 durior
1011 2860 1176 2951 exequiis

389 3077 426 3150 Si
447 3076 523 3164 quis
544 3081 661 3148 autem
683 3082 806 3146 contra
829 3073 935 3165 dicat,
959 3074 1017 3164 qui
1040 3075 1075 3145 in
1099 3074 1198 3146 cunis
1222 3082 1315 3146 esset
1336 3082 1507 3168 mortuae,
1533 3100 1573 3150 eo

309 3203 383 3294 ipso
395 3199 567 3292 Cynthiae
586 3221 737 3273 amorem
755 3199 973 3291 perditurum
992 3197 1112 3289 fuisse,
1129 3221 1205 3271 cum
1224 3201 1266 3272 de
1287 3201 1461 3272 ceratinae
1481 3205 1573 3274 solu·

311 3326 403 3397 tione
432 3325 667 3396 admonemus.
696 3323 819 3415 Neque
847 3325 937 3397 enim
961 3345 1047 3414 quae
1071 3344 1138 3395 non
1161 3323 1373 3413 perdidimus
1396 3324 1573 3418 babemus,

310 3469 420 3540 neque
440 3467 527 3540 quae
546 3468 615 3519 non
634 3447 800 3519 babemus
818 3469 998 3537 possumus
1015 3445 1170 3538 perdere.
1196 3445 1279 3534 Quis
1302 3455 1416 3519 antem
1435 3471 1502 3520 non
1524 3453 1572 3522 11-

311 3575 392 3648 deat
419 3593 591 3663 nunqnam
621 3571 772 3643 habendi
804 3572 912 3643 multo
945 3569 1134 3642 faciliorem
1171 3591 1274 3660 quam
1304 3571 1472 3664 perdendi
1500 3595 1573 3668 esse
1646 3609 1651 3615 ·

311 3697 500 3772 rationem?
517 3696 584 3769 Sed
601 3717 644 3768 ne
664 3697 706 3768 ab
725 3696 790 3769 hac
805 3696 943 3787 quidem
962 3694 1071 3784 elegia
1088 3696 1119 3766 is
1138 3695 1241 3767 timor
1260 3675 1465 3770 estalienus,
1480 3699 1569 3770 Nam
1661 3749 1663 3754 .

312 3822 476 3917 quidquid
500 3821 585 3894 dicit
615 3821 882 3913 Hertzbergins:
912 3821 972 3910 qui
999 3825 1119 3910 pectus
1142 3842 1239 3892 suum
1267 3823 1572 3895 innumerabilibus

203 3927 208 3940 ’
312 3948 452 4042 spiculis
470 3945 671 4019 transfixum
689 3947 740 4018 ait
758 3948 804 4037 (v.
830 3946 888 4039 1.),
910 3945 969 4037 qui
992 3965 1071 4016 mox
1089 3948 1134 4039 (1.
1159 3947 1233 4040 13.)
1252 3947 1352 4020 dicit:
1381 3949 1476 4020 Haec
1505 3949 1572 4020 ubi

313 4073 582 4166 contigerint,
602 4111 654 4122 —-›
672 4091 756 4142 non:
777 4071 869 4162 quia
887 4069 1148 4160 contigerunt
1174 4113 1213 4122 -
1237 4080 1287 4144 et:
1309 4073 1339 4143 si
1357 4071 1447 4144 11111
1465 4074 1571 4146 bonas

313 4199 357 4272 ad
378 4219 497 4290 pacem
524 4197 700 4270 verterit
718 4215 992 4287 aures-non:
1024 4198 1128 4287 quod
1156 4198 1354 4268 11111111
1383 4218 1449 4268 non
1479 4208 1571 4271 sorte

314 4346 377 4398 sua
404 4344 505 4415 qnam
532 4322 590 4413 qui
609 4321 754 4394 maxime
783 4325 967 4393 contentus
999 4326 1062 4412 est,
1095 4318 1156 4392 aed
1181 4322 1291 4409 magis
1319 4327 1415 4412 optat
1437 4321 1472 4392 id
1505 4344 1571 4413 quo

314 4454 411 4522 caret
434 4470 534 4540 quam
555 4447 591 4520 id
610 4446 719 4538 jactat
742 4444 834 4538 quod
856 4445 971 4518 habet.
997 4443 1092 4532 Quae
1111 4444 1142 4516 si
1160 4444 1209 4515 ita
1227 4451 1317 4535 sunt,
1340 4447 1397 4536 qui
1416 4453 1569 4518 extremo

314 4574 464 4647 carmine
483 4577 593 4646 metus
612 4571 820 4661 declaratur,
843 4591 911 4642 uon
933 4567 982 4641 ibi
1003 4589 1111 4640 novus
1129 4568 1314 4658 inducitur,
1334 4570 1393 4642 sed
1413 4577 1569 4643 retentus

315 4701 412 4794 prius
441 4704 478 4771 et
502 4698 674 4772 coercitus
701 4695 882 4787 aliqnando
916 4693 1075 4786 erumpit.
1104 4693 1221 4765 -At
1246 4694 1321 4784 quis
1345 4716 1505 4787 unquam,
1528 4716 1569 4766 ne
