3600 5594
866 498 1074 566 ..82-

331 710 466 798 pertius
484 709 684 781 inchoatum
703 709 883 799 abiecerit,
903 708 996 797 quod
1015 727 1137 795 poema
1155 725 1265 795 neque
1284 707 1328 777 ab
1347 707 1418 778 alio
1434 727 1606 796 quoquam

330 853 442 923 neque
461 853 605 922 usquam
626 833 668 903 ab
688 832 765 920 ipso
778 831 966 920 Propertio
986 835 1211 919 memoratur,
1230 829 1267 900 iu
1285 828 1444 919 profecto
1462 851 1608 922 prorsus

332 960 385 1026 est
402 954 579 1027 hariolari.
611 955 700 1027 Nam
722 955 815 1046 quod
835 954 891 1025 ille
910 953 958 1048 ΙΙ,
970 957 1029 1024 10.
1052 953 1186 1042 epicum
1206 973 1243 1024 se
1262 953 1313 1024 ait
1331 974 1455 1042 poema
1474 975 1606 1044 compo·

332 1077 497 1168 siturum,
525 1078 562 1148 id
590 1098 658 1149 non
687 1078 831 1148 maioris
851 1078 1016 1148 momenti
1037 1081 1106 1165 est,
1137 1095 1240 1165 qnam
1261 1077 1355 1165 quod
1372 1075 1464 1147 idem
1483 1077 1548 1167 ΙΙΙ,
1571 1081 1604 1165 5,

333 1203 393 1269 25.
417 1221 464 1270 ss.

437 1392 525 1463 Tum
544 1393 629 1464 mihi
649 1394 795 1464 naturae
814 1391 924 1463 libeat
942 1393 1142 1482 perdiscere
1160 1412 1303 1482 morem,

491 1515 576 1604 Quis
596 1517 683 1587 deus
701 1515 789 1586 hanc
808 1515 928 1586 mundi
946 1520 1119 1604 temperet
1137 1520 1213 1584 arte
1233 1515 1368 1586 domum
1389 1522 1470 1588 cett.

329 1707 517 1795 grandiore
530 1729 566 1779 se
581 1715 696 1780 aetate
711 1707 867 1798 physicis
888 1715 923 1779 et
941 1708 1184 1799 philosophiae
1204 1729 1345 1797 operam
1364 1708 1525 1779 daturum
1545 1707 1606 1778 de-

330 1831 454 1920 clarat,
474 1831 566 1902 unde
586 1853 654 1902 non
674 1831 775 1902 facile
796 1831 978 1921 qnisquam
1000 1832 1164 1902 coniiciat
1184 1851 1262 1901 enm
1277 1837 1441 1920 tanquam
1457 1832 1607 1944 alterum

329 1953 533 2025 Lucretium
552 1956 657 2025 etiam
679 1954 722 2026 de
743 1960 866 2025 natura
886 1975 1005 2024 rernm
1024 1954 1220 2042 scripsisse.

409 2078 461 2148 Ao
488 2097 633 2166 prorsus
662 2075 794 2148 frustra
817 2084 966 2164 negatur
988 2097 1091 2148 nunc
1115 2083 1151 2148 et
1169 2077 1245 2147 iam
1270 2077 1306 2146 in
1329 2077 1536 2148 carminibus
1554 2077 1604 2147 ita

328 2198 413 2289 dici,
441 2205 579 2272 utnon
606 2200 643 2271 id
672 2221 773 2273 omne
796 2206 934 2291 tempus
958 2201 992 2270 in
1013 2201 1102 2289 quod
1123 2221 1263 2271 carmen
1283 2199 1414 2271 incidat
1433 2201 1602 2288 complec-

326 2329 462 2408 tantur,
493 2324 555 2396 sed
582 2327 811 2414 posteriorem
840 2325 914 2395 eins
942 2326 1110 2413 temporis
1130 2331 1267 2413 partem
1285 2324 1395 2412 priori
1415 2333 1601 2412 opponant,

327 2443 428 2532 Quod
448 2449 519 2519 etsi
537 2449 645 2519 multo
664 2447 704 2519 fit
723 2450 850 2538 rarius,
875 2456 992 2518 tamen
1013 2469 1074 2518 cur
1093 2450 1142 2519 ita
1160 2447 1221 2519 fiat
1241 2469 1308 2518 non
1330 2449 1514 2518 obscurum
1535 2454 1600 2519 est.

325 2569 536 2662 Plerumque
565 2572 655 2641 enim
684 2570 786 2662 lyrici
814 2576 939 2659 poetae
964 2571 1032 2641 nisi
1052 2571 1135 2660 qnid
1154 2568 1284 2641 factum
1304 2571 1351 2640 sit
1370 2577 1513 2640 narrant
1532 2591 1600 2640 uno

327 2699 449 2763 tenore
473 2695 555 2782 quid
579 2695 625 2764 sit
648 2701 710 2764 aut
733 2695 817 2783 quid
836 2696 986 2764 sentiant
1006 2703 1196 2784 exponunt,
1226 2700 1266 2763 ut
1283 2694 1352 2763 illis
1371 2694 1551 2783 particulis
1571 2695 1601 2762 si

325 2819 473 2886 utuntur
491 2816 526 2885 id
547 2837 612 2905 quo
632 2817 753 2888 dicunt
771 2824 909 2904 tempos
928 2839 949 2887 a
969 2819 1149 2905 superiore
1170 2817 1283 2905 aliquo
1304 2816 1510 2906 disiungant.
1531 2815 1601 2888 Ubi

325 2943 442 3022 autem
469 2939 519 3008 ita
536 2939 700 3010 'carmina
728 2939 932 3027 instituunt,
963 2941 1105 3010 utdum
1130 2939 1250 3010 dicunt
1268 2937 1329 3009 fiat
1347 2939 1477 3028 aliquid
1496 2945 1600 3028 atque
1685 3018 1693 3035 .

243 3119 244 3124 ,
325 3066 450 3151 agatur
469 3069 573 3151 atque
592 3062 635 3133 ad
654 3062 690 3133 id
711 3063 804 3151 quod
823 3063 939 3155 agitur
957 3063 1064 3134 verba
1080 3069 1114 3132 et
1126 3063 1315 3133 sententias
1326 3063 1598 3151 accommodant,

324 3183 372 3254 ibi
393 3191 428 3255 et·
446 3206 610 3275 praesens
629 3194 767 3276 tempus
786 3187 883 3256 verbi
903 3191 939 3256 et
953 3187 1012 3256 illa
1026 3185 1193 3256 adverbia
1208 3186 1250 3256 ad
1266 3185 1429 3273 proxima
1444 3205 1600 3274 quaeque

324 3305 484 3378 referunt
502 3329 612 3397 eaque
631 3309 675 3378 iis
697 3331 785 3399 quae
804 3312 839 3378 in
858 3309 982 3380 iisdem
1002 3295 1217 3379 carminibus
1236 3309 1335 3397 prius
1349 3315 1427 3378 acta
1440 3308 1495 3378 vel
1507 3307 1602 3394 dicta

325 3434 405 3499 sunt
423 3436 612 3519 opponunt.
649 3429 758 3501 (luins
778 3432 830 3500 rei
850 3432 879 3500 si
898 3433 991 3519 apud
1009 3431 1231 3518 Propertium
1251 3430 1319 3501 alia
1338 3429 1465 3502 desunt
1485 3451 1601 3500 exem-

322 3552 393 3643 pla,
413 3573 519 3624 causa
537 3555 572 3623 in
591 3553 657 3624 hoc
676 3555 754 3642 ipso
775 3560 830 3624 cst
848 3554 979 3643 posito,
1012 3554 1103 3642 qnod
1123 3573 1189 3623 non
1209 3555 1318 3624 multa
1337 3553 1504 3624 eiusmodi
1523 3574 1600 3624 oar·

321 3681 414 3752 mina
432 3680 548 3753 habet
582 3681 630 3751 At
648 3678 796 3752 Ovidius
817 3681 937 3752 Amor.
960 3679 1025 3770 ΙΙΙ,
1049 3685 1085 3769 2,
1107 3683 1169 3751 43.
1224 3679 1231 3694 ’

393 3872 462 3945 Sed
480 3876 555 3945 iam
574 3895 702 3965 pompa
720 3875 826 3965 venit,
846 3874 970 3963 inquil,
992 3873 1119 3962 linguis
1138 3875 1328 3963 animisque
1348 3872 1463 3944 favete
1476 3911 1523 3924 —

322 4054 360 4118 ut
379 4050 447 4120 hoc
465 4050 578 4138 ipsum
599 4055 810 4120 momentum
832 4049 1002 4138 temporis
1022 4049 1055 4122 ei
1073 4051 1221 4138 tempori
1242 4056 1404 4141 opponat,
1426 4069 1492 4138 quo
1509 4069 1546 4119 se
1561 4049 1597 4118 in

321 4171 442 4242 eodem
462 4173 615 4243 carmine
634 4171 719 4243 facit
737 4172 875 4244 initium
897 4170 1058 4243 ludorum
1079 4177 1351 4262 exspectantem,
1377 4179 1481 4262 atque
1500 4161 1596 4242 aliud

319 4311 444 4365 rursus
463 4294 709 4384 posteriusque
727 4301 864 4386 tempus
884 4294 1102 4366 demonstrat
1119 4315 1188 4365 vss.
1212 4297 1273 4365 63.
1295 4316 1322 4365 s.

481 4470 634 4542 Maxima
652 4473 730 4542 iam
747 4492 856 4544 vacuo
876 4473 1025 4543 Praetor
1043 4471 1244 4561 spectaculo
1264 4468 1367 4542 Circo

533 4595 765 4686 Quadriiugos
783 4615 893 4685 aequo
913 4615 1055 4667 earcere
1074 4593 1169 4664 misit
1188 4613 1295 4684 equos
1309 4631 1356 4644 —

317 4783 510 4866 rursusque
530 4772 622 4844 aliud
642 4793 711 4844 vss.
735 4775 795 4843 77.
818 4793 867 4842 ss.
