3600 5594
864 492 1068 560 --54-

439 703 531 774 Talis
550 702 586 774 in
603 709 743 774 aeterno
762 700 843 772 felix
861 701 1074 772 Vertumnus
1093 700 1240 790 Olympo

490 825 588 898 Mille
606 827 713 898 habet
732 833 886 914 ornatus,
906 824 999 896 mille
1019 825 1182 896 decenter
1200 823 1321 894 habet:

333 1044 369 1108 et
388 1038 538 1109 oleribus
557 1059 594 1109 se
614 1045 650 1108 et
668 1035 811 1108 fioribus
835 1036 993 1108 omnibus
1017 1037 1067 1106 ita
1089 1037 1205 1106 ornari
1230 1043 1269 1104 ut
1290 1034 1439 1106 decorus
1465 1035 1522 1104 sit.
1544 1036 1597 1106 De

332 1162 527 1251 praeceptis
550 1162 631 1232 anni
653 1158 823 1230 fructibus
852 1159 1025 1246 modici,
1055 1168 1093 1229 ut
1119 1180 1168 1229 vs.
1204 1163 1262 1229 ll.
1288 1178 1347 1246 ss,
1377 1159 1532 1230 videmus
1556 1181 1596 1230 ex

333 1285 465 1355 verbis:
486 1285 568 1373 quin
586 1284 644 1355 ille
663 1285 829 1354 decenter
849 1289 945 1366 cett,
961 1289 997 1353 et
1015 1303 1058 1353 ex
1076 1283 1259 1371 probata,
1274 1282 1365 1372 quod
1380 1302 1596 1372 nequaquam

332 1429 409 1479 cum
424 1408 674 1479 Luettinhanne
693 1407 728 1477 in
748 1407 882 1477 locata
902 1406 1181 1494 convertendum,
1197 1407 1257 1476 sed
1276 1428 1339 1496 pro
1351 1418 1474 1478 natura
1486 1409 1596 1478 totius

331 1532 398 1603 loci
418 1533 466 1602 sic
485 1530 719 1620 accipiendum
739 1527 805 1618 est}
825 1537 864 1602 ut
882 1532 1059 1602 hortorum
1077 1531 1164 1602 dona
1182 1531 1217 1600 in
1237 1530 1421 1602 Vertumni
1439 1533 1596 1602 manibus

331 1655 495 1744 placere
514 1655 684 1727 dicantur.
715 1654 801 1726 Cum
821 1663 936 1726 autem
955 1652 1169 1726 Vertumnus
1193 1655 1291 1725 dicit:
1321 1656 1367 1726 de
1396 1676 1471 1745 quo
1500 1655 1597 1726 mihi

332 1779 501 1851 maxima
519 1778 624 1850 launa
643 1789 719 1866 est,
741 1779 911 1850 rationem
932 1779 1048 1848 reddit
1071 1780 1319 1868 occupationis.
1346 1777 1488 1850 Olerum
1507 1780 1596 1850 enim

332 1909 367 1973 et
391 1902 513 1974 florum
536 1909 678 1974 ornatus
706 1903 783 1974 ideo
814 1905 975 1973 omittere
1004 1909 1131 1990 potest,
1157 1902 1247 1992 quod
1278 1903 1344 1974 illis
1374 1923 1452 1974 eum
1478 1904 1597 1975 ornari

332 2028 549 2098 notissimum
569 2034 638 2112 est3
668 2035 809 2098 ornatur
835 2038 950 2098 autem
970 2027 1014 2097 iis
1034 2026 1077 2096 nb
1102 2026 1136 2097 id
1157 2028 1284 2114 ipsum,
1309 2028 1400 2116 qnod
1418 2034 1456 2098 ut
1473 2028 1529 2098 hic
1548 2030 1598 2098 ait

333 2171 382 2222 vs
408 2155 479 2240 ll.‚
501 2152 667 2224 vertentis
686 2152 766 2221 anni
784 2150 937 2222 fructum
957 2151 1129 2239 praecipit
1145 2151 1198 2220 vel
1213 2151 1303 2240 quod
1318 2151 1499 2222 hortorum
1514 2153 1597 2222 deus

332 2284 397 2364 est,
426 2282 466 2344 ut
491 2276 566 2364 ipse
595 2295 633 2346 se
660 2275 753 2366 apud
779 2273 939 2346 Ovidium
967 2274 1109 2346 Metam.
1139 2274 1234 2365 XIV,
1268 2277 1354 2345 687.
1376 2297 1403 2345 s.
1426 2275 1598 2346 l‘omonae

333 2399 514 2470 describit:

413 2609 525 2697 Quid?
545 2610 637 2698 qnod
656 2611 778 2681 amatis
797 2608 911 2680 idem?
930 2611 1019 2699 quod
1039 2630 1127 2699 quae
1147 2608 1211 2680 tibi
1230 2630 1331 2699 poma
1350 2611 1511 2682 coluntur

464 2734 603 2805 Primus
622 2733 729 2805 habet
747 2734 906 2822 laetaque
925 2740 1020 2804 tenet
1039 2743 1099 2805 tna
1120 2755 1259 2806 naunera
1278 2735 1422 2807 dextra?
1446 2776 1491 2786 -
1607 2831 1612 2846 ι

413 2963 452 3032 In
480 2963 606 3034 tertia
634 2963 745 3054 elegia
773 2963 1028 3036 Heimreichius
1056 2962 1210 3054 (Quaest.
1236 2963 1409 3056 Propert.)
1438 2987 1597 3037 versuum

336 3091 370 3158 7.
392 3128 442 3138 -
466 3091 523 3158 ll.
543 3092 660 3177 partes
680 3085 873 3178 inferiores,
898 3109 982 3178 quos
1006 3089 1063 3160 hic
1087 3088 1183 3160 uncis
1207 3089 1418 3180 inclusimus,
1443 3091 1598 3180 interpo-

332 3211 423 3282 latos
443 3211 615 3282 declarat:

440 3441 487 3510 Te
507 3440 607 3511 modo
625 3441 786 3512 viderunt
804 3441 949 3512 iteratos
967 3441 1109 3532 (Bactra
1127 3462 1190 3531 per
1208 3446 1319 3531 ortus)

492 3563 539 3634 Te
557 3562 658 3633 modo
678 3565 807 3635 munito
827 3565 1000 3637 Neuricus
1018 3565 1141 3656 (hostis
1160 3566 1259 3656 equo)

441 3686 653 3776 Hibernique
674 3683 781 3758 Getae
801 3687 962 3778 pictoque
981 3687 1174 3779 (Britannia
1192 3690 1312 3780 curru)

493 3809 600 3884 Ustus
619 3817 655 3882 et
673 3811 749 3883 an
767 3812 916 3883 discolor
934 3812 1040 3883 Indus
1061 3812 1185 3903 (aqua).

336 4039 423 4111 Nam
444 4040 614 4110 verba-
631 4042 783 4112 Baetra
800 4061 872 4129 per
892 4045 1006 4112 ortus
1028 4018 1202 4132 -raeque
1222 4043 1256 4113 in
1277 4043 1504 4133 Neapolitano
1524 4063 1601 4114 esse

336 4163 454 4236 codice
483 4181 592 4253 neque
630 4163 734 4235 ullam
772 4165 901 4236 habere
932 4165 1213 4254 explicationem
1248 4167 1502 4238 Britanniam
1535 4187 1600 4238 non

334 4307 438 4378 posse
457 4290 637 4358 memorari
658 4308 733 4359 cum
753 4289 905 4378 Lycotas
924 4291 959 4359 in
978 4291 1121 4360 orientis
1141 4290 1245 4361 terris
1264 4288 1380 4371 luerit,
1401 4310 1504 4380 aqua
1522 4289 1602 4362 an

337 4433 402 4482 uon
427 4413 481 4482 uri
501 4412 617 4500 Indue,
639 4412 696 4502 qui
721 4419 900 4500 praeterea
923 4433 1045 4504 parum
1068 4420 1321 4502 appareatque
1340 4414 1374 4483 vi
1393 4417 1461 4485 usti
1480 4414 1601 4486 iidem-

338 4557 402 4626 que
423 4537 611 4608 discolores
630 4542 807 4607 vocentur.
832 4536 898 4607 Sed
918 4544 989 4606 tres
1013 4538 1223 4625 posteriores
1248 4557 1364 4609 versus
1385 4539 1469 4610 satis
1488 4537 1603 4610 delen-

337 4660 388 4731 dit
406 4660 675 4731 Luettiohannes
694 4664 740 4750 (p.
763 4661 825 4748 4.),
846 4662 904 4750 qui
924 4663 1047 4730 merito
1070 4661 1230 4732 admonet
1249 4683 1383 4754 semper
1402 4664 1436 4733 in
1458 4665 1602 4735 orientis

337 4785 536 4874 regionibns
556 4784 722 4855 militasse
742 4784 912 4875 Lycotam
937 4805 1103 4874 nusquam
1129 4786 1209 4876 dici,
1233 4793 1268 4857 et
1287 4807 1387 4876 aqua
1409 4787 1492 4858 an
1511 4787 1601 4858 loca·
