<?xml version="1.0" encoding="UTF-8"?>
<!DOCTYPE html PUBLIC "-//W3C//DTD XHTML 1.0 Transitional//EN"
    "http://www.w3.org/TR/xhtml1/DTD/xhtml1-transitional.dtd">
<html xmlns="http://www.w3.org/1999/xhtml" xml:lang="en" lang="en">
 <head>
  <title>
</title>
<meta http-equiv="Content-Type" content="text/html;charset=utf-8" />
  <meta name='ocr-system' content='tesseract 3.04.00' />
  <meta name='ocr-capabilities' content='ocr_page ocr_carea ocr_par ocr_line ocrx_word'/>
</head>
<body>
  <div class='ocr_page' id='page_1' title='image "./dequartopropert00voiggoog_0052.png"; bbox 0 0 3600 5594; ppageno 0'>
   <div class='ocr_carea' id='block_1_1' title="bbox 727 471 932 538">
    <p class='ocr_par' dir='ltr' id='par_1_1' title="bbox 727 471 932 538">
     <span class='ocr_line' id='line_1_1' title="bbox 727 471 932 538; baseline 0 -20"><span class='ocrx_word' id='word_1_1' title='bbox 727 471 932 538; x_wconf 75' lang='lat'>..45-</span> 
     </span>
    </p>
   </div>
   <div class='ocr_carea' id='block_1_2' title="bbox 413 677 1333 1387">
    <p class='ocr_par' dir='ltr' id='par_1_2' title="bbox 413 677 1239 894">
     <span class='ocr_line' id='line_1_2' title="bbox 413 677 1239 770; baseline -0.008 -17"><span class='ocrx_word' id='word_1_2' title='bbox 413 682 616 770; x_wconf 83' lang='lat' dir='ltr'>Felicesque</span> <span class='ocrx_word' id='word_1_3' title='bbox 640 680 731 750; x_wconf 85' lang='lat' dir='ltr'>lovis</span> <span class='ocrx_word' id='word_1_4' title='bbox 750 680 867 750; x_wconf 87' lang='lat' dir='ltr'>stellas</span> <span class='ocrx_word' id='word_1_5' title='bbox 887 678 1082 764; x_wconf 88' lang='lat' dir='ltr'>Martisque</span> <span class='ocrx_word' id='word_1_6' title='bbox 1102 677 1239 767; x_wconf 87' lang='lat' dir='ltr'>rapacis</span> 
     </span>
     <span class='ocr_line' id='line_1_3' title="bbox 466 802 1216 894; baseline -0.005 -18"><span class='ocrx_word' id='word_1_7' title='bbox 466 807 513 876; x_wconf 86' lang='lat' dir='ltr'>Et</span> <span class='ocrx_word' id='word_1_8' title='bbox 531 825 637 894; x_wconf 86' lang='lat' dir='ltr'>grave</span> <span class='ocrx_word' id='word_1_9' title='bbox 657 803 798 875; x_wconf 85' lang='lat' dir='ltr'>Saturni</span> <span class='ocrx_word' id='word_1_10' title='bbox 818 802 911 874; x_wconf 86' lang='lat' dir='ltr'>sidus</span> <span class='ocrx_word' id='word_1_11' title='bbox 929 803 964 871; x_wconf 95' lang='lat' dir='ltr'>in</span> <span class='ocrx_word' id='word_1_12' title='bbox 984 821 1081 872; x_wconf 89' lang='lat' dir='ltr'>omne</span> <span class='ocrx_word' id='word_1_13' title='bbox 1101 807 1216 889; x_wconf 85' lang='lat' dir='ltr'>caput,</span> 
     </span>
    </p>

    <p class='ocr_par' dir='ltr' id='par_1_3' title="bbox 413 925 1309 1140">
     <span class='ocr_line' id='line_1_4' title="bbox 413 925 1309 1018; baseline -0.006 -18"><span class='ocrx_word' id='word_1_14' title='bbox 413 929 502 1018; x_wconf 81' lang='lat' dir='ltr'>Quid</span> <span class='ocrx_word' id='word_1_15' title='bbox 520 935 678 1000; x_wconf 88' lang='lat' dir='ltr'>moveant</span> <span class='ocrx_word' id='word_1_16' title='bbox 695 929 808 1018; x_wconf 80' lang='lat' dir='ltr'><strong>pisces</strong></span> <span class='ocrx_word' id='word_1_17' title='bbox 828 928 1049 1014; x_wconf 79' lang='lat' dir='ltr'>animosaque</span> <span class='ocrx_word' id='word_1_18' title='bbox 1069 925 1164 1014; x_wconf 87' lang='lat' dir='ltr'>signa</span> <span class='ocrx_word' id='word_1_19' title='bbox 1184 925 1309 995; x_wconf 85' lang='lat' dir='ltr'>Leonis</span> 
     </span>
     <span class='ocr_line' id='line_1_5' title="bbox 466 1049 1288 1140; baseline -0.007 -15"><span class='ocrx_word' id='word_1_20' title='bbox 466 1055 574 1126; x_wconf 86' lang='lat' dir='ltr'>Lotus</span> <span class='ocrx_word' id='word_1_21' title='bbox 593 1061 629 1124; x_wconf 88' lang='lat' dir='ltr'>et</span> <span class='ocrx_word' id='word_1_22' title='bbox 646 1053 819 1140; x_wconf 87' lang='lat' dir='ltr'>Hesperia</span> <span class='ocrx_word' id='word_1_23' title='bbox 837 1051 919 1138; x_wconf 90' lang='lat' dir='ltr'>quid</span> <span class='ocrx_word' id='word_1_24' title='bbox 939 1049 1168 1139; x_wconf 76' lang='lat' dir='ltr'>Capricornus</span> <span class='ocrx_word' id='word_1_25' title='bbox 1188 1071 1288 1139; x_wconf 93' lang='lat' dir='ltr'>aqua.</span> 
     </span>
    </p>

    <p class='ocr_par' dir='ltr' id='par_1_4' title="bbox 414 1173 1333 1387">
     <span class='ocr_line' id='line_1_6' title="bbox 414 1173 1300 1264; baseline -0.006 -16"><span class='ocrx_word' id='word_1_26' title='bbox 414 1178 546 1263; x_wconf 73' lang='lat' dir='ltr'>Dicam,</span> <span class='ocrx_word' id='word_1_27' title='bbox 567 1178 672 1247; x_wconf 87' lang='lat' dir='ltr'>Troia</span> <span class='ocrx_word' id='word_1_28' title='bbox 691 1176 794 1247; x_wconf 88' lang='lat' dir='ltr'>cades</span> <span class='ocrx_word' id='word_1_29' title='bbox 813 1183 849 1244; x_wconf 86' lang='lat' dir='ltr'>et</span> <span class='ocrx_word' id='word_1_30' title='bbox 868 1175 995 1244; x_wconf 87' lang='lat' dir='ltr'>Troica</span> <span class='ocrx_word' id='word_1_31' title='bbox 1011 1173 1120 1244; x_wconf 84' lang='lat' dir='ltr'>Roma</span> <span class='ocrx_word' id='word_1_32' title='bbox 1138 1193 1300 1264; x_wconf 83' lang='lat' dir='ltr'>resurges</span> 
     </span>
     <span class='ocr_line' id='line_1_7' title="bbox 466 1297 1333 1387; baseline -0.006 -15"><span class='ocrx_word' id='word_1_33' title='bbox 466 1303 513 1372; x_wconf 83' lang='lat' dir='ltr'>Et</span> <span class='ocrx_word' id='word_1_34' title='bbox 531 1301 637 1372; x_wconf 87' lang='lat' dir='ltr'>maris</span> <span class='ocrx_word' id='word_1_35' title='bbox 656 1307 694 1370; x_wconf 88' lang='lat' dir='ltr'>et</span> <span class='ocrx_word' id='word_1_36' title='bbox 711 1308 828 1370; x_wconf 90' lang='lat' dir='ltr'>terrae</span> <span class='ocrx_word' id='word_1_37' title='bbox 846 1298 949 1387; x_wconf 90' lang='lat' dir='ltr'>longa</span> <span class='ocrx_word' id='word_1_38' title='bbox 966 1297 1123 1386; x_wconf 89' lang='lat' dir='ltr'>sepulcra</span> <span class='ocrx_word' id='word_1_39' title='bbox 1143 1317 1272 1368; x_wconf 89' lang='lat' dir='ltr'>canam.</span> <span class='ocrx_word' id='word_1_40' title='bbox 1289 1339 1333 1352; x_wconf 92' lang='lat'>-</span> 
     </span>
    </p>
   </div>
   <div class='ocr_carea' id='block_1_3' title="bbox 203 1519 1465 2235">
    <p class='ocr_par' dir='ltr' id='par_1_5' title="bbox 203 1519 1465 2235">
     <span class='ocr_line' id='line_1_8' title="bbox 203 1519 1464 1610; baseline -0.003 -16"><span class='ocrx_word' id='word_1_41' title='bbox 203 1521 297 1610; x_wconf 81' lang='lat' dir='ltr'>Quos</span> <span class='ocrx_word' id='word_1_42' title='bbox 315 1545 392 1596; x_wconf 92' lang='lat' dir='ltr'>oum</span> <span class='ocrx_word' id='word_1_43' title='bbox 412 1544 473 1594; x_wconf 91' lang='lat' dir='ltr'>suo</span> <span class='ocrx_word' id='word_1_44' title='bbox 492 1523 566 1594; x_wconf 92' lang='lat' dir='ltr'>loco</span> <span class='ocrx_word' id='word_1_45' title='bbox 586 1528 701 1594; x_wconf 88' lang='lat' dir='ltr'>movet</span> <span class='ocrx_word' id='word_1_46' title='bbox 725 1519 998 1592; x_wconf 85' lang='lat' dir='ltr'>Luettiohanncs</span> <span class='ocrx_word' id='word_1_47' title='bbox 1020 1521 1164 1608; x_wconf 86' lang='lat' dir='ltr'><strong>primam</strong></span> <span class='ocrx_word' id='word_1_48' title='bbox 1187 1519 1274 1591; x_wconf 92' lang='lat' dir='ltr'>hanc</span> <span class='ocrx_word' id='word_1_49' title='bbox 1296 1521 1464 1592; x_wconf 87' lang='lat' dir='ltr'>rationem</span> 
     </span>
     <span class='ocr_line' id='line_1_9' title="bbox 204 1636 1462 1742; baseline -0.003 -20"><span class='ocrx_word' id='word_1_50' title='bbox 204 1653 371 1742; x_wconf 87' lang='lat' dir='ltr'>sequitur,</span> <span class='ocrx_word' id='word_1_51' title='bbox 392 1650 485 1740; x_wconf 91' lang='lat' dir='ltr'>quod</span> <span class='ocrx_word' id='word_1_52' title='bbox 503 1651 577 1739; x_wconf 90' lang='lat' dir='ltr'>ipse</span> <span class='ocrx_word' id='word_1_53' title='bbox 596 1636 712 1720; x_wconf 80' lang='lat' dir='ltr'>secum</span> <span class='ocrx_word' id='word_1_54' title='bbox 725 1654 854 1740; x_wconf 82' lang='lat' dir='ltr'>pugnet</span> <span class='ocrx_word' id='word_1_55' title='bbox 867 1648 1091 1735; x_wconf 85' lang='lat' dir='ltr'>horoscopus,</span> <span class='ocrx_word' id='word_1_56' title='bbox 1112 1647 1169 1735; x_wconf 92' lang='lat' dir='ltr'>qui</span> <span class='ocrx_word' id='word_1_57' title='bbox 1189 1668 1266 1716; x_wconf 90' lang='lat' dir='ltr'>cum</span> <span class='ocrx_word' id='word_1_58' title='bbox 1285 1647 1350 1718; x_wconf 93' lang='lat' dir='ltr'>sibi</span> <span class='ocrx_word' id='word_1_59' title='bbox 1363 1645 1462 1718; x_wconf 86' lang='lat' dir='ltr'>fidem</span> 
     </span>
     <span class='ocr_line' id='line_1_10' title="bbox 206 1770 1463 1864; baseline -0.003 -20"><span class='ocrx_word' id='word_1_60' title='bbox 206 1796 274 1845; x_wconf 91' lang='lat' dir='ltr'>nnn</span> <span class='ocrx_word' id='word_1_61' title='bbox 299 1775 476 1864; x_wconf 88' lang='lat' dir='ltr'>prioribus</span> <span class='ocrx_word' id='word_1_62' title='bbox 502 1772 686 1846; x_wconf 85' lang='lat' dir='ltr'>Chaldaeis</span> <span class='ocrx_word' id='word_1_63' title='bbox 710 1773 872 1860; x_wconf 84' lang='lat' dir='ltr'>vindicet,</span> <span class='ocrx_word' id='word_1_64' title='bbox 894 1790 955 1842; x_wconf 91' lang='lat' dir='ltr'>suo</span> <span class='ocrx_word' id='word_1_65' title='bbox 973 1775 1127 1858; x_wconf 90' lang='lat' dir='ltr'>tempore</span> <span class='ocrx_word' id='word_1_66' title='bbox 1151 1770 1347 1859; x_wconf 86' lang='lat' dir='ltr'>astrologos</span> <span class='ocrx_word' id='word_1_67' title='bbox 1369 1791 1463 1840; x_wconf 91' lang='lat' dir='ltr'>men·</span> 
     </span>
     <span class='ocr_line' id='line_1_11' title="bbox 207 1871 1465 1988; baseline -0.002 -19"><span class='ocrx_word' id='word_1_68' title='bbox 207 1899 304 1969; x_wconf 89' lang='lat' dir='ltr'>dacia</span> <span class='ocrx_word' id='word_1_69' title='bbox 322 1897 475 1988; x_wconf 86' lang='lat' dir='ltr'>prolerre</span> <span class='ocrx_word' id='word_1_70' title='bbox 496 1896 653 1968; x_wconf 87' lang='lat' dir='ltr'>affirmet.</span> <span class='ocrx_word' id='word_1_71' title='bbox 672 1899 718 1966; x_wconf 86' lang='lat' dir='ltr'>At</span> <span class='ocrx_word' id='word_1_72' title='bbox 735 1897 802 1968; x_wconf 90' lang='lat' dir='ltr'>hoc</span> <span class='ocrx_word' id='word_1_73' title='bbox 821 1895 958 1986; x_wconf 88' lang='lat' dir='ltr'>quidem</span> <span class='ocrx_word' id='word_1_74' title='bbox 977 1901 1047 1964; x_wconf 90' lang='lat' dir='ltr'>tam</span> <span class='ocrx_word' id='word_1_75' title='bbox 1065 1899 1184 1983; x_wconf 87' lang='lat' dir='ltr'>aperte</span> <span class='ocrx_word' id='word_1_76' title='bbox 1196 1871 1325 1965; x_wconf 67' lang='lat' dir='ltr'>⁴falsum</span> <span class='ocrx_word' id='word_1_77' title='bbox 1346 1906 1410 1984; x_wconf 88' lang='lat' dir='ltr'>est,</span> <span class='ocrx_word' id='word_1_78' title='bbox 1428 1902 1465 1966; x_wconf 91' lang='lat' dir='ltr'>ut</span> 
     </span>
     <span class='ocr_line' id='line_1_12' title="bbox 206 2016 1463 2111; baseline -0.002 -21"><span class='ocrx_word' id='word_1_79' title='bbox 206 2041 315 2109; x_wconf 90' lang='lat' dir='ltr'>paene</span> <span class='ocrx_word' id='word_1_80' title='bbox 334 2021 464 2111; x_wconf 89' lang='lat' dir='ltr'>pudeat</span> <span class='ocrx_word' id='word_1_81' title='bbox 483 2021 669 2110; x_wconf 87' lang='lat' dir='ltr'>quidquam</span> <span class='ocrx_word' id='word_1_82' title='bbox 693 2026 813 2092; x_wconf 87' lang='lat' dir='ltr'>contra</span> <span class='ocrx_word' id='word_1_83' title='bbox 837 2020 962 2090; x_wconf 88' lang='lat' dir='ltr'>dicere.</span> <span class='ocrx_word' id='word_1_84' title='bbox 988 2018 1075 2106; x_wconf 79' lang='lat' dir='ltr'>Quid</span> <span class='ocrx_word' id='word_1_85' title='bbox 1099 2021 1211 2090; x_wconf 84' lang='lat' dir='ltr'>enim?</span> <span class='ocrx_word' id='word_1_86' title='bbox 1236 2016 1273 2088; x_wconf 84' lang='lat' dir='ltr'>Si</span> <span class='ocrx_word' id='word_1_87' title='bbox 1298 2019 1389 2090; x_wconf 91' lang='lat' dir='ltr'>idem</span> <span class='ocrx_word' id='word_1_88' title='bbox 1408 2019 1463 2089; x_wconf 89' lang='lat' dir='ltr'>ille</span> 
     </span>
     <span class='ocr_line' id='line_1_13' title="bbox 206 2144 603 2235; baseline -0.008 -20"><span class='ocrx_word' id='word_1_89' title='bbox 206 2144 419 2235; x_wconf 87' lang='lat' dir='ltr'>horoscopus</span> <span class='ocrx_word' id='word_1_90' title='bbox 439 2165 470 2214; x_wconf 89' lang='lat' dir='ltr'>v.</span> <span class='ocrx_word' id='word_1_91' title='bbox 493 2147 553 2213; x_wconf 78' lang='lat'>75.</span> <span class='ocrx_word' id='word_1_92' title='bbox 576 2165 603 2213; x_wconf 93' lang='lat' dir='ltr'>s.</span> 
     </span>
    </p>
   </div>
   <div class='ocr_carea' id='block_1_4' title="bbox 419 2353 1290 2569">
    <p class='ocr_par' dir='ltr' id='par_1_6' title="bbox 419 2353 1290 2569">
     <span class='ocr_line' id='line_1_14' title="bbox 419 2353 1290 2442; baseline -0.002 -16"><span class='ocrx_word' id='word_1_93' title='bbox 419 2355 522 2426; x_wconf 82' lang='lat' dir='ltr'>Certa</span> <span class='ocrx_word' id='word_1_94' title='bbox 539 2353 649 2425; x_wconf 83' lang='lat' dir='ltr'>leram</span> <span class='ocrx_word' id='word_1_95' title='bbox 670 2355 774 2425; x_wconf 87' lang='lat' dir='ltr'>certis</span> <span class='ocrx_word' id='word_1_96' title='bbox 793 2355 1014 2426; x_wconf 87' lang='lat' dir='ltr'>auctoribus:</span> <span class='ocrx_word' id='word_1_97' title='bbox 1034 2361 1094 2425; x_wconf 88' lang='lat' dir='ltr'>aut</span> <span class='ocrx_word' id='word_1_98' title='bbox 1113 2375 1176 2442; x_wconf 92' lang='lat' dir='ltr'>ego</span> <span class='ocrx_word' id='word_1_99' title='bbox 1195 2365 1290 2425; x_wconf 86' lang='lat' dir='ltr'>vates</span> 
     </span>
     <span class='ocr_line' id='line_1_15' title="bbox 470 2479 1183 2569; baseline -0.001 -20"><span class='ocrx_word' id='word_1_100' title='bbox 470 2479 615 2549; x_wconf 88' lang='lat' dir='ltr'>Nescius</span> <span class='ocrx_word' id='word_1_101' title='bbox 635 2487 753 2549; x_wconf 86' lang='lat' dir='ltr'>aerata</span> <span class='ocrx_word' id='word_1_102' title='bbox 772 2480 870 2568; x_wconf 88' lang='lat' dir='ltr'>signa</span> <span class='ocrx_word' id='word_1_103' title='bbox 888 2499 1026 2550; x_wconf 89' lang='lat' dir='ltr'>movere</span> <span class='ocrx_word' id='word_1_104' title='bbox 1044 2480 1115 2569; x_wconf 90' lang='lat' dir='ltr'>pila</span> <span class='ocrx_word' id='word_1_105' title='bbox 1139 2517 1183 2530; x_wconf 89' lang='lat'>--</span> 
     </span>
    </p>
   </div>
   <div class='ocr_carea' id='block_1_5' title="bbox 206 2689 962 2780">
    <p class='ocr_par' dir='ltr' id='par_1_7' title="bbox 206 2689 962 2780">
     <span class='ocr_line' id='line_1_16' title="bbox 206 2689 962 2780; baseline 0 -18"><span class='ocrx_word' id='word_1_106' title='bbox 206 2713 323 2762; x_wconf 85' lang='lat' dir='ltr'>verum</span> <span class='ocrx_word' id='word_1_107' title='bbox 345 2710 382 2762; x_wconf 90' lang='lat' dir='ltr'>se</span> <span class='ocrx_word' id='word_1_108' title='bbox 402 2698 512 2762; x_wconf 88' lang='lat' dir='ltr'>vatem</span> <span class='ocrx_word' id='word_1_109' title='bbox 532 2689 727 2780; x_wconf 85' lang='lat' dir='ltr'>profitetur,</span> <span class='ocrx_word' id='word_1_110' title='bbox 748 2691 777 2762; x_wconf 90' lang='lat' dir='ltr'>si</span> <span class='ocrx_word' id='word_1_111' title='bbox 797 2711 828 2761; x_wconf 87' lang='lat' dir='ltr'>v.</span> <span class='ocrx_word' id='word_1_112' title='bbox 851 2693 872 2762; x_wconf 78' lang='lat'><strong>7</strong></span> <span class='ocrx_word' id='word_1_113' title='bbox 878 2695 898 2762; x_wconf 88' lang='lat'><strong>7</strong></span> <span class='ocrx_word' id='word_1_114' title='bbox 905 2747 911 2761; x_wconf 94' lang='lat'><strong>.</strong></span> <span class='ocrx_word' id='word_1_115' title='bbox 934 2713 962 2762; x_wconf 91' lang='lat' dir='ltr'>s.</span> 
     </span>
    </p>
   </div>
   <div class='ocr_carea' id='block_1_6' title="bbox 416 2902 1319 3116">
    <p class='ocr_par' dir='ltr' id='par_1_8' title="bbox 416 2902 1319 3116">
     <span class='ocr_line' id='line_1_17' title="bbox 416 2902 1318 2995; baseline 0.004 -23"><span class='ocrx_word' id='word_1_116' title='bbox 416 2902 476 2973; x_wconf 89' lang='lat' dir='ltr'>Me</span> <span class='ocrx_word' id='word_1_117' title='bbox 496 2911 591 2972; x_wconf 89' lang='lat' dir='ltr'>creat</span> <span class='ocrx_word' id='word_1_118' title='bbox 609 2903 786 2994; x_wconf 80' lang='lat' dir='ltr'>Archytae</span> <span class='ocrx_word' id='word_1_119' title='bbox 806 2903 939 2974; x_wconf 89' lang='lat' dir='ltr'>soboles</span> <span class='ocrx_word' id='word_1_120' title='bbox 959 2903 1169 2992; x_wconf 83' lang='lat' dir='ltr'>Babylonius</span> <span class='ocrx_word' id='word_1_121' title='bbox 1189 2903 1318 2995; x_wconf 92' lang='lat' dir='ltr'>Horos,</span> 
     </span>
     <span class='ocr_line' id='line_1_18' title="bbox 470 3026 1319 3116; baseline 0.002 -20"><span class='ocrx_word' id='word_1_122' title='bbox 470 3026 598 3116; x_wconf 79' lang='lat' dir='ltr'>Honos,</span> <span class='ocrx_word' id='word_1_123' title='bbox 619 3032 655 3096; x_wconf 90' lang='lat' dir='ltr'>et</span> <span class='ocrx_word' id='word_1_124' title='bbox 672 3047 693 3096; x_wconf 86' lang='lat' dir='ltr'>a</span> <span class='ocrx_word' id='word_1_125' title='bbox 712 3048 841 3114; x_wconf 86' lang='lat' dir='ltr'>proavo</span> <span class='ocrx_word' id='word_1_126' title='bbox 863 3027 967 3099; x_wconf 87' lang='lat' dir='ltr'>ducta</span> <span class='ocrx_word' id='word_1_127' title='bbox 986 3026 1122 3098; x_wconf 86' lang='lat' dir='ltr'>Conone</span> <span class='ocrx_word' id='word_1_128' title='bbox 1142 3028 1262 3098; x_wconf 89' lang='lat' dir='ltr'>domus</span> <span class='ocrx_word' id='word_1_129' title='bbox 1277 3069 1319 3078; x_wconf 81' lang='lat'>-</span> 
     </span>
    </p>
   </div>
   <div class='ocr_carea' id='block_1_7' title="bbox 210 3235 1466 3327">
    <p class='ocr_par' dir='ltr' id='par_1_9' title="bbox 210 3235 1466 3327">
     <span class='ocr_line' id='line_1_19' title="bbox 210 3235 1466 3327; baseline -0.003 -17"><span class='ocrx_word' id='word_1_130' title='bbox 210 3237 377 3327; x_wconf 86' lang='lat' dir='ltr'>originem</span> <span class='ocrx_word' id='word_1_131' title='bbox 393 3258 489 3308; x_wconf 92' lang='lat' dir='ltr'>suam</span> <span class='ocrx_word' id='word_1_132' title='bbox 510 3258 531 3306; x_wconf 89' lang='lat' dir='ltr'>a</span> <span class='ocrx_word' id='word_1_133' title='bbox 545 3235 744 3306; x_wconf 86' lang='lat' dir='ltr'>clarissimis</span> <span class='ocrx_word' id='word_1_134' title='bbox 759 3236 943 3324; x_wconf 87' lang='lat' dir='ltr'>astrologis</span> <span class='ocrx_word' id='word_1_135' title='bbox 958 3238 1094 3324; x_wconf 85' lang='lat' dir='ltr'>repetit,</span> <span class='ocrx_word' id='word_1_136' title='bbox 1112 3237 1140 3306; x_wconf 91' lang='lat' dir='ltr'>si</span> <span class='ocrx_word' id='word_1_137' title='bbox 1156 3237 1302 3327; x_wconf 88' lang='lat' dir='ltr'>denique</span> <span class='ocrx_word' id='word_1_138' title='bbox 1318 3259 1349 3310; x_wconf 83' lang='lat' dir='ltr'>v,</span> <span class='ocrx_word' id='word_1_139' title='bbox 1363 3239 1422 3308; x_wconf 84' lang='lat'>79.</span> <span class='ocrx_word' id='word_1_140' title='bbox 1440 3259 1466 3308; x_wconf 91' lang='lat' dir='ltr'>s.</span> 
     </span>
    </p>
   </div>
   <div class='ocr_carea' id='block_1_8' title="bbox 419 3449 1346 3664">
    <p class='ocr_par' dir='ltr' id='par_1_10' title="bbox 419 3449 1346 3664">
     <span class='ocr_line' id='line_1_20' title="bbox 419 3449 1346 3539; baseline 0.002 -21"><span class='ocrx_word' id='word_1_141' title='bbox 419 3449 463 3518; x_wconf 92' lang='lat' dir='ltr'>Di</span> <span class='ocrx_word' id='word_1_142' title='bbox 483 3449 565 3519; x_wconf 93' lang='lat' dir='ltr'>mihi</span> <span class='ocrx_word' id='word_1_143' title='bbox 585 3451 655 3519; x_wconf 86' lang='lat' dir='ltr'>sint</span> <span class='ocrx_word' id='word_1_144' title='bbox 673 3455 783 3520; x_wconf 88' lang='lat' dir='ltr'>testes</span> <span class='ocrx_word' id='word_1_145' title='bbox 802 3470 871 3520; x_wconf 92' lang='lat' dir='ltr'>uon</span> <span class='ocrx_word' id='word_1_146' title='bbox 891 3449 1117 3538; x_wconf 84' lang='lat' dir='ltr'>degenerasse</span> <span class='ocrx_word' id='word_1_147' title='bbox 1136 3451 1346 3539; x_wconf 88' lang='lat' dir='ltr'>propinquos</span> 
     </span>
     <span class='ocr_line' id='line_1_21' title="bbox 471 3573 1226 3664; baseline 0.003 -22"><span class='ocrx_word' id='word_1_148' title='bbox 471 3573 581 3662; x_wconf 90' lang='lat' dir='ltr'>Inque</span> <span class='ocrx_word' id='word_1_149' title='bbox 600 3574 684 3644; x_wconf 91' lang='lat' dir='ltr'>meis</span> <span class='ocrx_word' id='word_1_150' title='bbox 704 3574 802 3645; x_wconf 90' lang='lat' dir='ltr'>libris</span> <span class='ocrx_word' id='word_1_151' title='bbox 822 3574 871 3643; x_wconf 92' lang='lat' dir='ltr'>nil</span> <span class='ocrx_word' id='word_1_152' title='bbox 888 3577 985 3664; x_wconf 90' lang='lat' dir='ltr'>prius</span> <span class='ocrx_word' id='word_1_153' title='bbox 1006 3595 1081 3644; x_wconf 89' lang='lat' dir='ltr'>esse</span> <span class='ocrx_word' id='word_1_154' title='bbox 1100 3573 1167 3644; x_wconf 90' lang='lat' dir='ltr'>fide</span> <span class='ocrx_word' id='word_1_155' title='bbox 1181 3613 1226 3626; x_wconf 93' lang='lat'>·-</span> 
     </span>
    </p>
   </div>
   <div class='ocr_carea' id='block_1_9' title="bbox 210 3794 1474 4873">
    <p class='ocr_par' dir='ltr' id='par_1_11' title="bbox 210 3794 1474 4873">
     <span class='ocr_line' id='line_1_22' title="bbox 212 3794 1469 3884; baseline -0.002 -18"><span class='ocrx_word' id='word_1_156' title='bbox 212 3799 370 3884; x_wconf 78' lang='lat' dir='ltr'>senegai</span> <span class='ocrx_word' id='word_1_157' title='bbox 389 3794 636 3883; x_wconf 83' lang='lat' dir='ltr'>degenerasse:</span> <span class='ocrx_word' id='word_1_158' title='bbox 664 3796 741 3884; x_wconf 92' lang='lat' dir='ltr'>quis</span> <span class='ocrx_word' id='word_1_159' title='bbox 765 3815 832 3866; x_wconf 91' lang='lat' dir='ltr'>non</span> <span class='ocrx_word' id='word_1_160' title='bbox 856 3795 950 3866; x_wconf 92' lang='lat' dir='ltr'>videt</span> <span class='ocrx_word' id='word_1_161' title='bbox 973 3816 1050 3866; x_wconf 89' lang='lat' dir='ltr'>cum</span> <span class='ocrx_word' id='word_1_162' title='bbox 1071 3807 1107 3867; x_wconf 88' lang='lat' dir='ltr'>et</span> <span class='ocrx_word' id='word_1_163' title='bbox 1124 3794 1226 3866; x_wconf 91' lang='lat' dir='ltr'>fidem</span> <span class='ocrx_word' id='word_1_164' title='bbox 1245 3815 1327 3866; x_wconf 87' lang='lat' dir='ltr'>suae</span> <span class='ocrx_word' id='word_1_165' title='bbox 1345 3794 1469 3865; x_wconf 87' lang='lat' dir='ltr'>vatici·</span> 
     </span>
     <span class='ocr_line' id='line_1_23' title="bbox 210 3917 1470 4008; baseline 0.003 -22"><span class='ocrx_word' id='word_1_166' title='bbox 210 3917 341 3989; x_wconf 89' lang='lat' dir='ltr'>nationi</span> <span class='ocrx_word' id='word_1_167' title='bbox 360 3918 403 3988; x_wconf 91' lang='lat' dir='ltr'>ab</span> <span class='ocrx_word' id='word_1_168' title='bbox 423 3917 574 4006; x_wconf 86' lang='lat' dir='ltr'>antiquis</span> <span class='ocrx_word' id='word_1_169' title='bbox 598 3919 651 3988; x_wconf 93' lang='lat' dir='ltr'>sui</span> <span class='ocrx_word' id='word_1_170' title='bbox 673 3921 810 4006; x_wconf 87' lang='lat' dir='ltr'>generis</span> <span class='ocrx_word' id='word_1_171' title='bbox 834 3919 1020 4008; x_wconf 88' lang='lat' dir='ltr'>astrologis</span> <span class='ocrx_word' id='word_1_172' title='bbox 1044 3926 1199 4008; x_wconf 86' lang='lat' dir='ltr'>repetere</span> <span class='ocrx_word' id='word_1_173' title='bbox 1223 3925 1258 3989; x_wconf 90' lang='lat' dir='ltr'>et</span> <span class='ocrx_word' id='word_1_174' title='bbox 1281 3940 1324 3988; x_wconf 88' lang='lat' dir='ltr'>ne</span> <span class='ocrx_word' id='word_1_175' title='bbox 1346 3919 1389 3990; x_wconf 86' lang='lat' dir='ltr'>ab</span> <span class='ocrx_word' id='word_1_176' title='bbox 1413 3940 1470 3990; x_wconf 88' lang='lat' dir='ltr'>ae·</span> 
     </span>
     <span class='ocr_line' id='line_1_24' title="bbox 212 4041 1469 4130; baseline 0.002 -19"><span class='ocrx_word' id='word_1_177' title='bbox 212 4041 370 4130; x_wconf 90' lang='lat' dir='ltr'>qualibus</span> <span class='ocrx_word' id='word_1_178' title='bbox 389 4041 681 4128; x_wconf 88' lang='lat' dir='ltr'>mendacibusqne</span> <span class='ocrx_word' id='word_1_179' title='bbox 705 4043 888 4130; x_wconf 89' lang='lat' dir='ltr'>astrologis</span> <span class='ocrx_word' id='word_1_180' title='bbox 915 4045 959 4114; x_wconf 93' lang='lat' dir='ltr'>de</span> <span class='ocrx_word' id='word_1_181' title='bbox 979 4063 1015 4112; x_wconf 89' lang='lat' dir='ltr'>se</span> <span class='ocrx_word' id='word_1_182' title='bbox 1039 4041 1316 4114; x_wconf 75' lang='lat' dir='ltr'>coniectura-fiat</span> <span class='ocrx_word' id='word_1_183' title='bbox 1335 4063 1469 4114; x_wconf 86' lang='lat' dir='ltr'>cavere.</span> 
     </span>
     <span class='ocr_line' id='line_1_25' title="bbox 213 4163 1472 4255; baseline 0 -19"><span class='ocrx_word' id='word_1_184' title='bbox 213 4163 363 4236; x_wconf 85' lang='lat' dir='ltr'>Gravius</span> <span class='ocrx_word' id='word_1_185' title='bbox 382 4167 411 4236; x_wconf 93' lang='lat' dir='ltr'>si</span> <span class='ocrx_word' id='word_1_186' title='bbox 431 4186 499 4237; x_wconf 93' lang='lat' dir='ltr'>non</span> <span class='ocrx_word' id='word_1_187' title='bbox 518 4173 571 4236; x_wconf 89' lang='lat' dir='ltr'>cst</span> <span class='ocrx_word' id='word_1_188' title='bbox 590 4173 626 4235; x_wconf 88' lang='lat' dir='ltr'>at</span> <span class='ocrx_word' id='word_1_189' title='bbox 645 4165 779 4235; x_wconf 83' lang='lat' dir='ltr'>videtur</span> <span class='ocrx_word' id='word_1_190' title='bbox 799 4172 914 4236; x_wconf 89' lang='lat' dir='ltr'>tamen</span> <span class='ocrx_word' id='word_1_191' title='bbox 933 4166 1028 4254; x_wconf 90' lang='lat' dir='ltr'>illud,</span> <span class='ocrx_word' id='word_1_192' title='bbox 1050 4167 1141 4255; x_wconf 92' lang='lat' dir='ltr'>quod</span> <span class='ocrx_word' id='word_1_193' title='bbox 1161 4175 1265 4255; x_wconf 84' lang='lat' dir='ltr'>negat</span> <span class='ocrx_word' id='word_1_194' title='bbox 1283 4188 1347 4238; x_wconf 88' lang='lat' dir='ltr'>nec</span> <span class='ocrx_word' id='word_1_195' title='bbox 1366 4168 1472 4238; x_wconf 88' lang='lat' dir='ltr'>verba</span> 
     </span>
     <span class='ocr_line' id='line_1_26' title="bbox 211 4289 1472 4378; baseline 0.001 -18"><span class='ocrx_word' id='word_1_196' title='bbox 211 4289 406 4378; x_wconf 89' lang='lat' dir='ltr'>obliquae</span> <span class='ocrx_word' id='word_1_197' title='bbox 426 4290 540 4378; x_wconf 88' lang='lat' dir='ltr'>signa</span> <span class='ocrx_word' id='word_1_198' title='bbox 558 4290 712 4359; x_wconf 85' lang='lat' dir='ltr'>iterata</span> <span class='ocrx_word' id='word_1_199' title='bbox 731 4295 847 4359; x_wconf 87' lang='lat' dir='ltr'>rotae</span> <span class='ocrx_word' id='word_1_200' title='bbox 866 4296 901 4359; x_wconf 89' lang='lat' dir='ltr'>et</span> <span class='ocrx_word' id='word_1_201' title='bbox 920 4309 1008 4377; x_wconf 88' lang='lat' dir='ltr'>quae</span> <span class='ocrx_word' id='word_1_202' title='bbox 1028 4296 1218 4378; x_wconf 87' lang='lat' dir='ltr'>sequuntur</span> <span class='ocrx_word' id='word_1_203' title='bbox 1236 4291 1364 4362; x_wconf 88' lang='lat' dir='ltr'>habere</span> <span class='ocrx_word' id='word_1_204' title='bbox 1384 4289 1472 4361; x_wconf 93' lang='lat' dir='ltr'>unde</span> 
     </span>
     <span class='ocr_line' id='line_1_27' title="bbox 211 4413 1472 4503; baseline 0.002 -20"><span class='ocrx_word' id='word_1_205' title='bbox 211 4414 384 4503; x_wconf 87' lang='lat' dir='ltr'>pendeant</span> <span class='ocrx_word' id='word_1_206' title='bbox 402 4434 512 4503; x_wconf 90' lang='lat' dir='ltr'>neque</span> <span class='ocrx_word' id='word_1_207' title='bbox 540 4413 598 4483; x_wconf 87' lang='lat' dir='ltr'>illa</span> <span class='ocrx_word' id='word_1_208' title='bbox 617 4415 738 4484; x_wconf 87' lang='lat' dir='ltr'>Troia</span> <span class='ocrx_word' id='word_1_209' title='bbox 766 4413 883 4483; x_wconf 85' lang='lat' dir='ltr'>cades</span> <span class='ocrx_word' id='word_1_210' title='bbox 913 4419 953 4483; x_wconf 89' lang='lat' dir='ltr'>et</span> <span class='ocrx_word' id='word_1_211' title='bbox 971 4415 1118 4484; x_wconf 87' lang='lat' dir='ltr'>Troica</span> <span class='ocrx_word' id='word_1_212' title='bbox 1138 4415 1258 4484; x_wconf 89' lang='lat' dir='ltr'>Roma</span> <span class='ocrx_word' id='word_1_213' title='bbox 1281 4434 1472 4503; x_wconf 89' lang='lat' dir='ltr'>resurges</span> 
     </span>
     <span class='ocr_line' id='line_1_28' title="bbox 211 4534 1472 4627; baseline 0.002 -21"><span class='ocrx_word' id='word_1_214' title='bbox 211 4536 313 4608; x_wconf 86' lang='lat' dir='ltr'>facile</span> <span class='ocrx_word' id='word_1_215' title='bbox 333 4536 512 4627; x_wconf 84' lang='lat' dir='ltr'>explicari,</span> <span class='ocrx_word' id='word_1_216' title='bbox 533 4558 609 4608; x_wconf 90' lang='lat' dir='ltr'>cum</span> <span class='ocrx_word' id='word_1_217' title='bbox 628 4538 839 4625; x_wconf 89' lang='lat' dir='ltr'>horoscopus</span> <span class='ocrx_word' id='word_1_218' title='bbox 859 4535 1037 4624; x_wconf 82' lang='lat' dir='ltr'>Propertii</span> <span class='ocrx_word' id='word_1_219' title='bbox 1057 4559 1122 4606; x_wconf 91' lang='lat' dir='ltr'>non</span> <span class='ocrx_word' id='word_1_220' title='bbox 1144 4535 1291 4606; x_wconf 85' lang='lat' dir='ltr'>Troiae</span> <span class='ocrx_word' id='word_1_221' title='bbox 1309 4534 1382 4608; x_wconf 83' lang='lat' dir='ltr'>lata</span> <span class='ocrx_word' id='word_1_222' title='bbox 1399 4539 1472 4609; x_wconf 92' lang='lat' dir='ltr'>edi·</span> 
     </span>
     <span class='ocr_line' id='line_1_29' title="bbox 212 4659 1472 4749; baseline 0.003 -19"><span class='ocrx_word' id='word_1_223' title='bbox 212 4661 313 4731; x_wconf 81' lang='lat' dir='ltr'>turns</span> <span class='ocrx_word' id='word_1_224' title='bbox 332 4661 387 4730; x_wconf 90' lang='lat' dir='ltr'>sit.</span> <span class='ocrx_word' id='word_1_225' title='bbox 419 4659 523 4730; x_wconf 79' lang='lat' dir='ltr'>Certe</span> <span class='ocrx_word' id='word_1_226' title='bbox 543 4660 681 4749; x_wconf 89' lang='lat' dir='ltr'>quidem</span> <span class='ocrx_word' id='word_1_227' title='bbox 702 4663 908 4749; x_wconf 88' lang='lat' dir='ltr'>interpretes</span> <span class='ocrx_word' id='word_1_228' title='bbox 928 4659 1081 4730; x_wconf 89' lang='lat' dir='ltr'>videmus</span> <span class='ocrx_word' id='word_1_229' title='bbox 1104 4661 1137 4728; x_wconf 91' lang='lat' dir='ltr'>in</span> <span class='ocrx_word' id='word_1_230' title='bbox 1157 4660 1212 4730; x_wconf 89' lang='lat' dir='ltr'>his</span> <span class='ocrx_word' id='word_1_231' title='bbox 1229 4660 1386 4733; x_wconf 89' lang='lat' dir='ltr'>versibus</span> <span class='ocrx_word' id='word_1_232' title='bbox 1404 4685 1472 4734; x_wconf 92' lang='lat' dir='ltr'>non</span> 
     </span>
     <span class='ocr_line' id='line_1_30' title="bbox 213 4781 1474 4873; baseline 0.004 -19"><span class='ocrx_word' id='word_1_233' title='bbox 213 4804 354 4873; x_wconf 85' lang='lat' dir='ltr'>parvam</span> <span class='ocrx_word' id='word_1_234' title='bbox 379 4803 520 4873; x_wconf 91' lang='lat' dir='ltr'>operam</span> <span class='ocrx_word' id='word_1_235' title='bbox 548 4787 787 4856; x_wconf 86' lang='lat' dir='ltr'>consumsisse.</span> <span class='ocrx_word' id='word_1_236' title='bbox 817 4783 911 4873; x_wconf 78' lang='lat' dir='ltr'>Quae</span> <span class='ocrx_word' id='word_1_237' title='bbox 940 4791 1053 4854; x_wconf 88' lang='lat' dir='ltr'>tamen</span> <span class='ocrx_word' id='word_1_238' title='bbox 1079 4781 1262 4855; x_wconf 85' lang='lat' dir='ltr'>difficultas</span> <span class='ocrx_word' id='word_1_239' title='bbox 1285 4807 1353 4856; x_wconf 92' lang='lat' dir='ltr'>non</span> <span class='ocrx_word' id='word_1_240' title='bbox 1377 4792 1474 4859; x_wconf 90' lang='lat' dir='ltr'>tanta</span> 
     </span>
    </p>
   </div>
   <div class='ocr_carea' id='block_1_10' title="bbox 0 0 1816 5594">
    <p class='ocr_par' dir='ltr' id='par_1_12' title="bbox 0 0 1816 5594">
     <span class='ocr_line' id='line_1_31' title="bbox 0 0 1816 5594; baseline 0 0"><span class='ocrx_word' id='word_1_241' title='bbox 0 0 1816 5594; x_wconf 95' lang='lat' dir='ltr'> </span> 
     </span>
    </p>
   </div>
  </div>
 </body>
</html>
