3600 5594
840 497 1046 562 ..2-

314 702 435 810 elegie.
461 703 557 774 Door
579 702 613 774 J.
635 701 673 774 d.
695 701 736 774 G.
764 704 861 774 Boot.
894 703 1127 792 Amsterdam,
1153 724 1217 774 van
1244 703 1305 774 der
1328 704 1423 774 Post.
1449 706 1575 794 1864.)

312 834 486 898 extremae
506 827 636 915 elegiae
665 827 821 898 ordinem
851 829 1011 918 mutavit,
1042 849 1130 898 anno
1161 828 1371 916 sexagesimo
1401 829 1518 918 quinto
1539 836 1574 900 et

311 950 400 1021 idem
422 952 565 1024 Boetius
595 952 717 1041 edidit,
748 973 836 1041 quae
865 951 908 1022 de
938 953 1058 1023 eadem
1086 953 1197 1042 elegia
1229 956 1361 1045 scripta
1384 954 1575 1042 reliquerat

313 1075 763 1165 Hoimann-Peerllrampius
787 1077 834 1167 (S.
851 1077 984 1148 Aurelii
998 1078 1175 1167 Propertii
1197 1078 1279 1149 libri
1297 1079 1360 1150 IV.
1382 1080 1492 1168 elegia
1510 1077 1573 1149 XI.

311 1200 500 1271 Recensuit
519 1208 555 1270 et
574 1202 763 1271 illustravit
782 1201 821 1271 P.
842 1201 1016 1272 Hofmann
1035 1183 1254 1292 Peerlkamp.
1280 1202 1403 1274 Edidit
1421 1208 1456 1274 et
1474 1222 1572 1291 prae-

312 1322 404 1395 latus
424 1331 478 1396 est
496 1325 529 1397 J.
553 1323 591 1396 O.
613 1325 654 1397 G.
675 1326 778 1396 Boot.
797 1326 1164 1416 Amstelodami,apud
1185 1326 1223 1397 O.
1246 1326 1288 1400 G.
1311 1350 1376 1399 van
1397 1327 1458 1397 der
1476 1327 1573 1417 Post,

315 1425 439 1540 1865),
459 1456 495 1520 et
513 1450 798 1540 Escbenburgius
818 1451 860 1521 de
879 1451 989 1542 prima
1008 1450 1118 1542 elegia
1136 1452 1276 1541 scripsit
1293 1451 1574 1543 (Observationes

312 1575 454 1646 criticae
473 1575 508 1644 in
527 1574 759 1666 Propertium.
781 1575 920 1645 Bonnae
944 1577 1083 1665 1865.);
1104 1597 1192 1647 anno
1213 1578 1356 1666 septimo
1378 1584 1413 1648 et
1432 1595 1574 1664 sexage-

311 1699 396 1770 simo
423 1721 544 1770 rursus
573 1701 828 1771 Heimreichius
848 1701 980 1790 (Novae
1013 1700 1239 1789 Quaestiones
1266 1702 1512 1790 Propertianae
1540 1701 1575 1770 in

312 1821 476 1894 fasciculo
505 1826 698 1912 posteriore
717 1824 952 1916 Symbolarum
979 1825 1231 1914 philologorum
1249 1825 1492 1897 Bonnensium.
1516 1825 1575 1896 Li-

310 1947 406 2036 psiae
430 1952 541 2040 1867,
561 1969 638 2039 pag.
661 1953 748 2021 667.
773 1951 847 2037 11.)
867 1971 943 2020 cum
964 1950 1116 2038 singulos
1135 1950 1317 2020 nonnullos
1337 1950 1431 2021 locos
1449 1957 1576 2021 tracta-

311 2073 363 2143 vit
382 2078 458 2142 tum
484 2080 597 2145 totum
621 2073 747 2144 librum
785 2096 805 2144 a
833 2074 1015 2162 Propertio
1048 2074 1268 2145 abiudicavit.
1302 2075 1459 2164 Denique
1488 2095 1575 2146 anno

312 2197 659 2289 undeseptuagesimo
683 2199 956 2270 Luettiohannes
984 2199 1018 2269 in
1049 2187 1403 2270 Oomm'entationibus
1431 2199 1575 2288 Proper-

310 2322 414 2392 tianis
433 2322 573 2414 (Kiliae)
592 2329 733 2413 praeter
751 2323 821 2394 alia
840 2323 947 2394 multa
974 2324 1040 2394 hoc
1061 2325 1164 2394 etiam
1190 2325 1231 2395 de
1256 2324 1344 2395 libro
1365 2323 1449 2392 satis
1469 2323 1576 2392 multa

312 2446 471 2535 scripsit,
506 2454 543 2518 et
571 2446 749 2518 Garuttius
788 2449 822 2517 in
854 2447 1071 2538 praefatione
1113 2448 1276 2517 editionis
1303 2453 1413 2516 toturn
1449 2447 1575 2517 librum

244 2561 247 2568 ’
310 2577 451 2660 praeter
470 2573 627 2644 ultimam
647 2574 870 2663 elegiamnon
887 2593 963 2642 esse
980 2572 1154 2660 Propertii
1174 2571 1411 2642 demonstrare
1429 2579 1575 2642 conatus

313 2701 367 2766 est
385 2696 474 2787 (Sex.
495 2697 628 2767 Aurelii
646 2697 824 2785 Propertii
854 2696 1006 2786 Cynthia
1031 2718 1104 2768 cum
1130 2681 1218 2766 libro
1243 2701 1365 2784 quarto
1389 2696 1573 2785 elegiarum

314 2820 372 2910 qui
391 2820 566 2909 Propertii
592 2822 728 2892 nomine
751 2819 874 2891 fertur.
904 2821 1023 2891 Editio
1053 2841 1175 2892 novum
1200 2820 1234 2890 iu
1266 2821 1420 2891 ordinem
1439 2821 1576 2907 digesta

313 2951 518 3016 recensente
536 2945 719 3016 Dominico
740 2943 890 3016 Oarutti.
910 2945 1031 3035 Hagae
1052 2944 1223 3015 Comitum
1253 2947 1376 3037 1869).
1402 2945 1577 3015 Nonnulla

312 3069 528 3159 transposuit
547 3071 652 3140 etiam
672 3068 847 3140 Lucienus
870 3069 1061 3142 Muellerus
1089 3068 1232 3160 (Catulli
1252 3070 1378 3140 Tibulli
1399 3069 1576 3159 Propertii

314 3197 485 3270 Carmina.
505 3199 588 3270 Rec.
610 3203 645 3266 et
663 3193 841 3284 praelatus
860 3203 914 3265 est
932 3195 1106 3265 Lucienus
1123 3194 1283 3264 Mueller.
1297 3194 1435 3286 Lipsiae
1450 3196 1575 3283 1870),

313 3325 371 3414 qui
391 3322 528 3414 quidem
548 3320 760 3394 Lachmanni
779 3319 868 3390 viam
897 3341 964 3390 nou
989 3320 1140 3409 reliquit,
1166 3327 1359 3390 ceterorum
1387 3325 1502 3389 tamen
1522 3319 1577 3387 de

312 3447 410 3518 licias
429 3469 538 3536 paene
567 3465 687 3516 omnes
711 3465 731 3514 a
754 3465 817 3514 sua
840 3445 991 3514 editione
1017 3443 1195 3514 abstinuit.
1221 3442 1386 3514 Eiusdem
1409 3441 1575 3514 beneficio

314 3594 382 3642 non
403 3591 544 3643 necesse
563 3570 730 3640 babemus
756 3574 877 3639 contra
901 3568 1063 3639 Bootium
1093 3573 1128 3638 et
1150 3566 1426 3654 Peerlkampium
1451 3567 1576 3657 dicere,

314 3717 402 3787 quos
420 3696 480 3768 ille
500 3696 537 3786 (J
539 3695 736 3766 ahrbr'icher
745 3692 802 3764 fiir
810 3692 1004 3782 Philologie
1015 3691 1303 3782 unoPaoagogn,
1317 3694 1377 3781 95,
1388 3711 1420 3781 p.
1434 3695 1574 3762 413.ss.

317 3829 353 3893 et
381 3824 456 3891 777
491 3820 550 3913 ss.)
584 3826 654 3890 tam
687 3825 849 3890 accurate
873 3825 908 3888 et
941 3817 1117 3889 subtiliter
1150 3815 1335 3897 refutavit,
1365 3823 1404 3887 ut
1435 3815 1464 3886 si
1500 3836 1576 3885 ver·

314 3945 396 4016 bum
415 3945 619 4016 adderemus
638 3949 829 4033 uctaagere
844 3942 1053 4014 videremur.
1067 3942 1118 4013 Ac
1134 3942 1343 4012 similiterea
1362 3944 1576 4028 argumenta,

316 4070 441 4159 quibus
465 4069 722 4142 Heimreichius
751 4069 909 4139 ultimum
940 4067 1068 4138 librum
1096 4088 1116 4137 a
1147 4065 1327 4168 Propertio
1356 4071 1498 4134 conatus
1525 4069 1578 4134 est

314 4193 525 4284 abiudicare,
553 4195 637 4266 sutis
660 4195 793 4266 elevata
816 4198 898 4264 sunt
925 4212 945 4261 a
968 4190 1245 4278 Luettiohanne;
1270 4189 1383 4260 minus
1402 4194 1576 4277 accurate,

315 4339 404 4407 quae
424 4341 444 4390 a
465 4318 621 4390 Caruttio
640 4319 777 4409 prolata
792 4324 883 4408 sunt,
906 4317 948 4387 de
968 4317 1092 4407 quibus
1112 4316 1169 4386 ille
1189 4315 1279 4386 omni
1298 4315 1365 4386 iam
1380 4313 1470 4385 libro
1485 4312 1578 4404 typis

317 4465 477 4533 expresso
500 4463 612 4535 pauca
640 4451 795 4514 extremo
823 4442 899 4514 loco
927 4441 1098 4533 apposuit.
1127 4441 1249 4530 Itaque
1277 4460 1341 4510 nos
1368 4437 1410 4510 de
1434 4443 1577 4512 auctore

318 4569 434 4658 quarti
452 4569 533 4640 libri
553 4589 630 4640 cum
642 4566 812 4656 Carutdo,
832 4568 874 4638 de
892 4565 1161 4654 transponendis
1175 4565 1230 4646 vel
1251 4563 1413 4636 tollendis
1423 4562 1577 4636 versibus

317 4713 395 4764 curn
423 4693 549 4766 ceteris
575 4698 715 4785 praeter
740 4693 902 4765 Bootium
930 4698 965 4762 et
991 4687 1478 4777 Hosmann-Peerlkampium
1504 4705 1577 4754 rem

317 4817 531 4906 babebimus
560 4820 590 4888 si
618 4819 727 4908 princ,
756 4818 915 4907 quoniam
953 4823 1137 4903 quartum
1170 4814 1296 4885 librum
1324 4811 1483 4899 diximus,
1513 4809 1578 4880 boo
