3600 5594
692 373 1035 520 .-a1,--¹¹

205 642 242 714 in
261 640 373 714 altera
399 643 498 728 parte
526 639 628 732 longa
651 636 781 720 uocalis,
803 644 883 718 ante
901 638 1040 713 brevem
1062 638 1160 728 elisa,
1190 657 1223 718 a.
1237 659 1305 733 qua
1333 640 1473 716 elisione

207 769 329 856 poetae
348 761 424 844 fere
444 782 582 854 semper
598 781 634 842 ee
653 761 858 850 abstineant,
887 760 987 840 nohis
1014 761 1078 833 hoe
1106 762 1218 852 ipsum
1237 781 1347 854 ¹genus
1369 778 1485 852 argu·

203 887 426 964 mentationis
443 885 620 968 infirmum
637 884 786 966 videtur·
813 883 850 966 Si
869 885 961 966 enirn
979 891 1117 964 ueteres
1137 891 1273 964 constat
1290 886 1344 957 his
1362 887 1398 958 in
1416 907 1471 964 re·

202 1013 267 1092 bus
295 1031 361 1082 non
389 1016 485 1094 certa
511 1009 678 1099 quaedam
705 1015 893 1100 praecepta
921 1029 1007 1102 quae
1033 1010 1134 1092 nobis
1161 1011 1230 1090 siut
1259 1009 1472 1092 01111110

204 1137 340 1217 aurium
359 1134 525 1216 iudicium
543 1155 619 1206 esse
637 1111 793 1224 secutos,
820 1153 884 1210 nos
909 1153 975 1214 unu
1002 1133 1038 1212 id
1067 1133 1180 1214 tacere
1199 1140 1354 1226 oportet,
1382 1141 1420 1212 ut
1443 1135 1471 1206 si

204 1259 406 1350 plerumque
422 1278 563 1331 normas,
579 1259 745 1350 quasdam
762 1257 921 1338 videmur
940 1257 1063 1346 secuti,
1093 1259 1136 1329 ad
1164 1279 1223 1332 eas
1253 1278 1393 1330 normas
1412 1278 1470 1330 eos

202 1403 343 1474 quoque
361 1383 451 1454 locos
470 1380 676 1472 dirigam,
696 1381 757 1460 ubi
775 1381 884 1462 secuti
903 1400 970 1454 nou
988 1388 1081 1469 eunt,
1102 1381 1163 1456 sed
1182 1389 1221 1458 ut
1240 1381 1294 1457 his
1314 1382 1400 1472 ipsis
1417 1381 1470 1452 lo-

193 1506 251 1593 [cis
268 1514 423 1580 nostram
448 1507 614 1580 rationem
633 1511 669 1578 et
687 1505 961 1596 praeceptionem
981 1499 1199 1582 coerceamus
1221 1514 1257 1586 et
1278 1505 1470 1596 restringa—
1550 1517 1554 1527 “

201 1653 291 1705 mus.
325 1631 400 1702 Hoc
419 1629 556 1719 quidem
575 1630 676 1702 nobis
695 1628 814 1708 eodem
832 1630 908 1702 iure
927 1650 1064 1701 sumere
1081 1629 1250 1720 videmur,
1271 1651 1339 1722 quo
1358 1649 1420 1701 nec
1441 1629 1470 1700 si

203 1757 294 1848 quod
314 1748 409 1840 ἅπαξ
427 1751 594 1848 εἰρημένον
620 1774 684 1826 nec
713 1755 755 1858 si
769 1774 836 1844 qua
864 1755 1017 1834 obsoleta
1044 1761 1106 1827 aut
1132 1761 1258 1829 novata
1285 1753 1398 1826 forma
1416 1760 1471 1828 est

202 1880 343 1970 tradita,
371 1881 566 1953 necessario
594 1885 795 1969 corruptum
826 1885 931 1970 atque
953 1879 1206 1960 emendandum
1224 1877 1356 1969 aliquid
1375 1878 1469 1950 arbi·
1523 1925 1526 1930 n

202 2012 353 2076 tramur:
373 2005 616 2096 discrepandis
634 2003 678 2074 iis
697 2003 747 2074 ibi
764 2009 897 2100 tantum
917 2005 984 2074 erit
1002 2003 1132 2092 aliquid
1150 2002 1387 2093 tribuendum,
1408 2001 1469 2073 ubi

203 2150 282 2202 cum
302 2128 378 2200 aliis
398 2126 614 2217 corruptelae
634 2128 851 2200 documentis
869 2136 1083 2203 concurrent.
1129 2128 1177 2198 At
1194 2127 1251 2197 hic
1270 2126 1382 2214 locus,
1403 2126 1469 2196 etsi

197 2250 405 2343 'quibusdam
433 2249 544 2320 visum
571 2254 626 2330 est
648 2247 766 2339 aliter,
795 2251 824 2320 si
851 2269 970 2320 verum
994 2249 1206 2338 quaerimuS‚
1235 2247 1321 2318 nihil
1348 2247 1467 2344 habet,

202 2373 294 2465 quod
320 2373 445 2454 merito
474 2373 703 2462 suspicionem
729 2378 877 2446 moveat.
924 2373 1104 2446 Sententia
1129 2373 1215 2444 haec
1238 2379 1307 2444 est:
1337 2372 1401 2443 hac
1429 2373 1464 2444 iu

200 2502 317 2588 parte,
347 2497 406 2568 ubi
435 2506 510 2566 erat
537 2497 591 2568 ire
619 2497 691 2568 sive
719 2498 836 2569 ibatur
854 2497 1017 2587 Fidenas,
1037 2498 1139 2586 longe
1162 2503 1238 2568 erat
1255 2496 1414 2570 ire-ht.
1436 2517 1466 2568 e.

198 2621 264 2694 hac
277 2620 314 2690 in
327 2624 427 2710 parte
446 2619 593 2692 Fidenas
613 2602 768 2693 euntium
786 2623 908 2712 longae
926 2622 1000 2694 viae
1020 2621 1239 2694 videbantur.
1260 2621 1326 2692 Hic
1340 2621 1468 2692 nullam

200 2744 305 2817 habet
323 2740 544 2816 offensionem
563 2762 674 2834 neque
693 2745 768 2819 hac
787 2739 960 2828 δεικτικῶς
988 2749 1027 2816 ut
1052 2745 1150 2816 aiunt
1166 2745 1317 2834 positum
1336 2749 1376 2817 ut
1394 2745 1468 2816 hoc

199 2867 234 2939 in
253 2889 304 2940 us.
328 2871 374 2956 1.,
403 2874 443 2938 01
469 2866 567 2940 haec
591 2868 626 2937 in
645 2891 696 2942 vs,
719 2871 768 2960 5.,
786 2860 937 2942 uthina
955 2869 990 2939 in
1010 2889 1078 2940 uss.
1101 2872 1162 2940 31.
1186 2872 1260 2958 32,
1280 2873 1320 2940 ut
1338 2869 1414 2940 huc
1433 2871 1469 2938 in

199 3012 248 3064 vs.
271 2995 345 3082 39.;
364 3015 427 3068 nec
444 2995 589 3066 verbum
610 3016 652 3068 ex
671 2994 936 3068 demonstrativo
956 2993 1137 3064 enunciata
1157 2993 1192 3062 in
1211 2993 1395 3063 relativum
1410 3011 1467 3062 re·

199 3117 403 3208 vocandum,
433 3118 526 3208 quod
553 3118 713 3204 similiter
740 3123 922 3188 revocatur
941 3116 973 3206 1,
999 3120 1057 3204 15,
1079 3119 1113 3186 9.
1139 3118 1203 3185 1οτ
1240 3115 1287 3204 (N
1291 3135 1329 3184 ec
1353 3115 1467 3184 minus

197 3239 281 3312 Eois
300 3247 423 3332 pectus
442 3242 579 3317 variare
598 3239 725 3331 lapillis
735 3239 783 3312 Ut
795 3238 948 3310 formosa
969 3257 1058 3308 novo
1078 3256 1164 3326 quae
1183 3242 1286 3326 parat
1304 3236 1358 3307 ire
1376 3231 1466 3340 viro)

109 3361 111 3375 “
197 3369 234 3436 11
252 3365 297 3456 Π,
320 3369 354 3455 3,
378 3369 413 3454 9,
435 3369 496 3437 17.
520 3369 579 3438 19.
604 3364 691 3457 (Nec
712 3385 766 3434 me
785 3370 857 3435 tam
876 3361 984 3434 facies
1005 3361 1158 3450 quamvis
1177 3360 1224 3431 sit
1244 3360 1390 3434 candida
1409 3383 1465 3434 ce·

196 3489 306 3578 pit-
318 3487 490 3577 Quantum
508 3489 601 3579 quod
619 3490 733 3579 posito
752 3487 901 3560 formose
920 3486 1024 3558 saltat
1037 3485 1060 3558 J
1063 3485 1282 3559 accho-Et
1302 3492 1465 3576 quantum
1566 3585 1567 3588 Ἴ

197 3613 319 3686 Aeolio
340 3633 416 3684 cum
437 3618 549 3686 tentat
568 3614 721 3686 carmina
739 3612 884 3703 plectro)
903 3617 939 3685 et
957 3610 1003 3700 ΙΙ,
1026 3611 1089 3699 20,
1111 3612 1171 3682 34.
1218 3609 1362 3700 (Ultima
1385 3610 1466 3680 talis

197 3737 265 3808 erit
282 3757 371 3827 quae
389 3757 465 3808 mea
484 3738 596 3825 prima
613 3736 712 3826 fides)
731 3743 767 3808 et
784 3736 851 3824 III,
872 3739 934 3824 22,
955 3737 1016 3806 21.
1064 3732 1165 3824 (Nam
1189 3738 1354 3820 qnantum
1372 3731 1465 3804 ferro

120 3903 124 3910 ·
197 3865 332 3933 tantum
349 3861 478 3950 pietate
497 3867 657 3949 potentes
678 3860 829 3950 Stemus)
848 3858 902 3930 vel
919 3857 1013 3948 apud
1026 3856 1213 3928 Horatium
1224 3854 1265 3927 Ο.
1278 3855 1339 3946 ΙΠ,
1355 3859 1389 3945 1,
1402 3859 1462 3928 37.

197 3985 332 4074 1--1111
360 3984 478 4055 Timor
505 3989 541 4056 11
568 3984 686 4056 Minae
714 3982 885 4056 scandunt
906 3980 1028 4056 eodem
1047 4002 1116 4073 quo
1136 3979 1322 4070 dominus);
1353 3967 1464 4070 neque

197 4115 259 4182 est
278 4128 356 4180 eum
374 4106 544 4180 infinitivo
563 4108 782 4181 coniunctum
808 4129 829 4178 a
850 4107 1030 4195 Propertii
1049 4104 1297 4177 consuetudine
1316 4104 1465 4176 alienum

197 4238 268 4320 est,
288 4232 415 4323 quippe
436 4232 496 4322 qui
513 4231 599 4304 haec
618 4230 744 4304 similia
760 4230 899 4302 habeat:
919 4231 948 4318 I,
971 4232 1032 4322 20,
1056 4232 1116 4303 13.
1135 4228 1189 4300 Ne
1207 4227 1271 4298 tibi
1290 4226 1463 4297 sit-du·

196 4361 471 4426 rum—mentes
481 4363 517 4427 ct
526 4354 651 4447 frigida
669 4375 762 4444 saxa,
780 4351 891 4450 Galle,
905 4374 1017 4443 neque
1036 4357 1195 4442 expertos
1214 4369 1349 4438 semper
1367 4330 1463 4421 adire

197 4477 292 4548 lacus
306 4481 373 4565 -';
393 4479 438 4568 II,
464 4481 522 4569 10,
544 4482 604 4549 21.
652 4478 700 4551 Ut
719 4482 825 4570 eaput
842 4477 878 4548 in
897 4477 1030 4566 magnis
1048 4453 1127 4546 ubi·
1144 4494 1212 4543 non
1237 4477 1292 4542 est
1320 4476 1462 4560 tangere

196 4602 368 4692 signis-3
387 4601 450 4691 Ill,
467 4605 502 4692 3,
519 4605 580 4674 41.
602 4623 630 4675 s.
649 4601 708 4673 Nil
724 4603 789 4674 tibi
807 4603 852 4674 sit
871 4619 975 4672 rauco
993 4597 1179 4689 praeconia
1197 4595 1337 4666 classica
1355 4616 1460 4667 cornu

194 4725 295 4801 Flere
315 4745 377 4798 nec
396 4725 544 4800 Aonium
563 4725 702 4818 cingere
722 4727 838 4800 Marte
856 4746 976 4798 nemus
988 4744 1060 4812 —3
1089 4739 1153 4792 uec
1177 4719 1323 4810 denique
1341 4721 1457 4810 longe
