3600 5594
845 473 1051 542 -110-

317 685 363 754 sit
387 705 507 754 rursus
532 685 682 755 ostendit
708 684 849 754 Tacitus
874 684 991 772 Agris.
1023 689 1109 752 extr.
1145 680 1192 752 Ut
1220 682 1310 751 culm
1338 681 1369 751 is
1397 687 1578 770 postquam

316 814 462 880 mortem
486 809 597 878 soceri
621 808 675 878 sni
694 807 858 895 laudavit,
884 817 1045 895 tanquam
1071 814 1109 876 ut
1133 805 1281 876 cumulet
1310 827 1368 876 eas
1396 805 1516 878 laudes
1545 815 1580 878 et

316 934 576 1003 diuturnitatem
594 932 639 1002 iis
658 932 800 1020 tribnat,
820 933 863 1002 ud
882 930 1085 1001 imitandum
1105 950 1184 1000 euin
1203 950 1285 1000 suos
1304 929 1511 1000 adhortatur
1528 971 1578 982 --

315 1077 405 1144 nam,
433 1056 670 1128 Admiratione
698 1062 732 1125 te
758 1056 887 1144 potius,
919 1055 1046 1142 lnquit,
1075 1059 1111 1124 ct
1137 1054 1390 1125 immortalibus
1418 1053 1579 1126 laudibus

316 1189 351 1252 et
374 1182 404 1252 si
428 1187 553 1250 natura
577 1181 771 1269 suppeditet
798 1180 991 1250 imitando
1020 1179 1172 1250 colamus
1194 1179 1297 1248 -id
1324 1175 1416 1248 filia'e
1444 1197 1579 1268 quoque

314 1306 484 1393 uxorique
513 1305 747 1394 praeceperim
770 1325 834 1371 -:
866 1304 916 1372 ita
951 1302 1111 1372 Cornelia
1143 1323 1185 1372 ne
1219 1303 1301 1391 quid
1334 1305 1369 1371 in
1402 1310 1579 1392 posterum

316 1429 403 1500 desit
422 1449 504 1500 suae
523 1429 646 1498 mortis
665 1426 822 1497 felicitati
846 1427 951 1496 illlam
975 1427 1122 1516 Impellit
1145 1435 1185 1496 ut
1206 1427 1272 1497 fide
1297 1435 1333 1496 et
1356 1427 1475 1499 liberis
1497 1449 1579 1516 pro·

315 1552 473 1624 creandis
502 1574 600 1622 sunm
623 1552 817 1638 exemplum
842 1557 1017 1638 sequatur.
1051 1550 1127 1620 Hoc
1151 1552 1239 1647 eninr
1264 1553 1292 1620 si
1316 1554 1484 1640 evenerit,
1513 1573 1579 1622 non

315 1678 426 1750 solum
445 1677 624 1746 morientis
648 1675 801 1746 condIcio
825 1672 909 1744 felix
933 1681 969 1745 et
991 1674 1171 1745 laudabilis
1195 1673 1313 1762 fuerit,
1340 1677 1400 1747 sed
1423 1681 1580 1748 mortuae

316 1803 419 1873 etiam
447 1801 610 1870 manebit.
631 1839 681 1852 -
701 1799 772 1869 Nec
797 1799 936 1888 gravius
961 1800 1127 1888 estquod
1151 1799 1379 1870 contraillud
1404 1801 1454 1870 Et
1479 1801 1579 1874 bene

315 1926 438 1997 habet
470 1923 645 2010 adfertur,
680 1942 747 2010 quo
781 1929 940 2009 apertum
972 1929 1025 1993 est
1058 1927 1099 1992 ab
1133 1931 1250 2012 optato
1285 1924 1327 1995 ad
1356 1947 1433 1996 eum
1466 1927 1580 2000 locum

314 2051 476 2138 transiri,
508 2068 574 2137 quo
602 2054 735 2136 partem
764 2052 859 2116 certe
887 2048 961 2114 eius
985 2049 1095 2134 optati
1120 2049 1187 2117 iarn
1218 2049 1387 2138 expletam
1416 2071 1491 2121 esse
1520 2051 1579 2122 de·

315 2175 475 2245 claretur.
510 2171 609 2260 Quod
633 2172 723 2241 enim
751 2191 860 2259 usque
887 2171 931 2239 ad
958 2170 1044 2240 illud
1072 2177 1207 2261 tempus
1234 2193 1352 2242 omnes
1379 2173 1482 2244 liberi
1506 2195 1579 2245 ser-

314 2299 386 2368 vati
410 2304 505 2386 sunt,
531 2318 572 2366 eo
596 2301 760 2384 exparte
785 2300 879 2364 certe
903 2295 988 2364 illud
1013 2297 1126 2366 evenit
1152 2297 1242 2385 quod
1268 2306 1380 2388 optat,
1405 2299 1502 2368 utin
1526 2319 1580 2368 se-

314 2427 487 2491 nectutem
507 2419 618 2491 Paulli
638 2425 830 2489 serventur.
861 2420 908 2488 At
931 2420 1033 2507 plane
1057 2421 1216 2490 similiter
1241 2421 1371 2493 Statius
1390 2421 1495 2493 Theb.
1517 2423 1577 2492 XI.

315 2545 527 2634 Polynicem,
547 2545 607 2614 ubi
627 2544 692 2613 iarn
715 2542 839 2612 victum
859 2542 1035 2613 Eteoclem
1054 2551 1234 2634 totumque
1257 2546 1384 2616 bellum
1402 2568 1481 2618 mox
1503 2546 1578 2617 feli·

314 2672 402 2740 citer
422 2668 612 2740 conlectum
632 2667 676 2737 iri
696 2672 807 2755 putat,
828 2668 914 2737 haec
933 2665 1016 2738 facit
1035 2667 1208 2741 dicentem
1228 2691 1277 2739 vs.
1302 2673 1387 2742 557.
1411 2692 1437 2742 s.

474 2957 523 2967 -
554 2958 604 2968 -
631 2957 682 2967 —-
712 2917 797 2986 bene
816 2917 937 3002 hahet3
963 2938 1029 2986 non
1047 2917 1149 2987 irrita
1167 2919 1254 3005 vovi,

473 3041 585 3112 Cerno
604 3061 728 3130 graves
748 3042 864 3111 oculos
884 3033 986 3127 atque
1010 3061 1070 3111 ora
1090 3043 1245 3112 natantia
1262 3043 1332 3113 leto
1352 3066 1418 3128 -;

314 3289 475 3359 similiter
504 3289 593 3375 apud
621 3289 697 3357 Liv.
720 3287 819 3374 VIII,
843 3292 876 3357 6.
906 3288 1117 3376 Torquatus,
1147 3289 1205 3357 ubi
1234 3289 1338 3358 Annii
1366 3291 1579 3377 repentInam

314 3419 462 3483 mortem
494 3433 557 3500 pro
590 3410 701 3483 lausto
735 3411 816 3481 belli
849 3413 961 3480 omine
991 3421 1027 3479 et
1055 3413 1152 3499 quasi
1182 3413 1279 3480 Initio
1311 3415 1451 3502 accipit,
1486 3413 1579 3483 Bene

314 3539 431 3624 habet,
451 3539 574 3626 iuquit,
594 3577 642 3640 ‘.‘
664 3539 713 3607 sic
732 3543 859 3607 stratas
879 3539 1032 3623 legIones
1055 3536 1261 3607 Latinorum
1285 3536 1387 3624 dabo,
1412 3539 1577 3627 quemad-

314 3662 451 3732 modum
471 3663 622 3750 legatum
640 3665 808 3732 iacentem
827 3661 953 3732 videtis
971 3647 1218 3747 —;'similiter
1237 3661 1364 3732 ibidem
1385 3683 1414 3732 c.
1438 3666 1471 3732 9.
1506 3664 1579 3734 Ile-

316 3786 404 3875 cius,
435 3808 512 3857 cum
531 3788 713 3886 haruspex
741 3786 909 3857 sacrificio
938 3784 1029 3856 lacto
1057 3785 1152 3855 iecur
1180 3787 1212 3856 ei
1241 3809 1261 3856 a
1291 3784 1451 3856 famiIIari
1478 3794 1578 3877 parte

315 3930 453 3981 caesum
477 3911 643 3997 ostendit,
673 3911 838 3980 Manlium
865 3910 1004 3998 egregie
1032 3909 1151 3980 litasse
1176 3911 1331 4001 nunciat,
1363 3913 1467 4000 Atqui
1490 3913 1577 3984 hene

314 4034 428 4123 habet,
456 4036 581 4123 inquit,
611 4034 640 4104 si
664 4053 684 4101 a
707 4033 835 4122 collega
862 4033 998 4104 litatum
1022 4041 1074 4104 est
1093 4073 1156 4122 -,
1186 4036 1319 4106 scilicet
1346 4042 1384 4104 ut
1414 4057 1452 4107 se
1474 4059 1514 4107 ex
1538 4057 1577 4108 eo

314 4159 405 4247 quod
425 4163 479 4228 est
498 4158 540 4227 de
561 4177 601 4226 eo
623 4157 713 4246 quod
732 4155 885 4228 futurum
907 4160 953 4228 sit
971 4159 1058 4230 bene
1080 4180 1221 4247 sperare
1240 4160 1385 4248 aperiat.
1407 4200 1457 4211 —

394 4373 626 4463 Exposnimus
654 4395 715 4444 cur
744 4394 829 4464 quae
857 4373 912 4444 his
937 4375 1034 4444 annis
1059 4382 1120 4445 aut
1143 4375 1413 4446 Luettiohannos
1436 4385 1498 4448 aut
1520 4377 1579 4448 alii

314 4519 401 4590 quos
436 4502 624 4569 memoravi
660 4500 694 4568 in
728 4507 849 4588 quarto
880 4498 1054 4586 Propertii
1090 4499 1179 4569 libro
1211 4504 1283 4569 tum
1316 4499 1470 4570 delendis
1505 4505 1577 4571 turn

314 4622 578 4712 transponendis
606 4631 679 4694 tum
707 4623 941 4712 dlsiungendis
965 4622 1121 4693 versibus
1144 4623 1370 4694 immutarunt
1392 4625 1488 4695 nobis
1510 4645 1579 4695 non

313 4749 561 4837 probarentur;
586 4748 780 4819 studuimus
803 4754 918 4819 autem
943 4754 1109 4836 quantum
1133 4748 1167 4818 id
1194 4746 1270 4819 fieri
1295 4754 1434 4837 poterat
1461 4748 1502 4819 de
1532 4749 1575 4818 iis
