3600 5594
635 433 640 438 ¹
753 481 960 552 -uc-

224 697 282 768 Pr.
305 697 339 766 4.
359 693 408 764 Et
427 697 532 784 eaput
547 692 717 781 impositis
734 691 862 781 pressit
879 692 985 764 Amor
1003 691 1148 782 pedibus
1160 731 1206 744 -

224 819 329 890 Remu.
342 817 420 888 Am.
446 817 533 888 530.
553 815 601 886 Ε1
619 821 682 886 tua
699 833 820 910 saeuus
840 813 948 886 Amor
967 815 1032 887 sub
1050 815 1137 906 pede
1156 815 1245 888 colla
1261 817 1398 905 premit.

224 943 284 1014 Pr.
307 944 340 1013 5.
361 941 480 1012 Donec
497 947 553 1012 iura
572 939 691 1012 docuit
708 946 822 1011 castas
841 939 1162 1031 01110οῙ10010--ὦ

224 1067 301 1140 An.
322 1065 385 1156 ΠΙ,
409 1067 468 1155 14,
492 1067 553 1135 119.
592 1062 690 1135 Tunc
708 1078 796 1134 amo:
825 1071 907 1136 tuuc
935 1063 992 1136 odi
1018 1062 1151 1135 frustra
1176 1063 1268 1152 quod
1290 1077 1406 1136 ornare
1425 1083 1482 1138 ue»

141 1185 145 1192 ’
1199 1207 1295 1260 cesse
1313 1195 1376 1260 est.

222 1311 281 1382 Pr.
305 1303 340 1383 ’1.
360 1329 406 1382 ss.
432 1307 602 1390 Milanion
619 1307 731 1380 nullos
750 1306 928 1399 rugiendo,
948 1308 1060 1400 Tulle,
1079 1309 1216 1382 labores

507 1433 696 1506 Saevitiam
715 1430 823 1502 durae
842 1431 1000 1504 contudit
1016 1433 1167 1506 Josldos.

435 1558 525 1630 Nam
542 1557 645 1629 modo
664 1555 861 1628 Partheniis
879 1574 997 1627 amens
1016 1557 1159 1628 errabat
1175 1557 1211 1628 ln
1228 1559 1349 1647 antris,

502 1683 580 1754 Ibat
599 1686 635 1753 et
653 1681 806 1752 hirsutas
824 1678 880 1750 ille
899 1681 1019 1753 videre
1037 1679 1140 1752 feras.

430 1803 492 1878 Ille
511 1807 616 1878 etiam
634 1804 758 1895 Hylaei
776 1820 961 1894 persuasus
978 1805 1119 1876 vulnere
1137 1807 1223 1876 rami

501 1927 646 2001 Saucius
667 1925 827 1999 Arcadiis
846 1927 992 2017 rupibus
1009 1928 1187 2018 ingemuit.

431 2052 525 2142 Ergo
543 2053 691 2124 velocem
709 2051 823 2140 potuit
840 2046 1014 2122 domuisse
1032 2052 1194 2141 puellam:

502 2176 650 2247 Tantum
668 2176 704 2245 in
722 2195 838 2246 amore
856 2195 976 2274 preces
996 2182 1031 2247 01
1050 2175 1136 2248 bene
1153 2175 1245 2250 facta
1262 2177 1387 2249 valent.

219 2373 260 2440 A.
274 2372 316 2443 Α.
328 2368 374 2458 11,
386 2372 477 2441 183.
487 2390 532 2440 ss.
554 2367 764 2460 Obsequium
779 2370 953 2459 tigresque
968 2369 1084 2441 domat
1100 2369 1335 2460 Numidasque
1353 2371 1479 2466 leones.

507 2491 651 2564 Rustica
670 2492 848 2582 paullatim
867 2500 988 2564 taurus
1007 2493 1114 2564 aratri
1134 2492 1238 2565 subit.

427 2614 519 2706 Quid
538 2614 604 2687 init
622 2617 778 2704 asperius
797 2615 994 2689 Nonacrina
1012 2617 1195 2689 Atalanta?

504 2737 695 2810 Succubuit
715 2740 850 2811 meritis
870 2747 952 2811 trux
970 2747 1085 2812 tamen
1103 2741 1162 2812 illa
1179 2741 1274 2812 viris.
1357 2811 1359 2820 ,

426 2861 535 2952 Saepe
555 2883 634 2934 suos
652 2884 751 2936 casus
768 2883 831 2934 nec
849 2863 948 2933 mitia
964 2861 1056 2935 facta
1074 2862 1208 2951 puellae

505 2986 620 3057 Flesse
639 2985 701 3058 sub
721 2986 907 3058 arboribus
927 2987 1118 3058 Milaniona
1135 2986 1262 3059 ferunt.

427 3107 537 3198 Saepe
555 3111 636 3181 tulit
653 3111 747 3182 iusso
767 3109 903 3182 fallacia
921 3110 1008 3182 retia
1026 3112 1125 3182 collo:

503 3232 611 3323 Saepe
630 3231 704 3304 fara
722 3233 842 3306 torvos
862 3234 1002 3322 cuspide
1022 3233 1099 3304 fixit
1116 3252 1230 3324 apros.
1374 3303 1379 3310 ,

426 3355 539 3428 Sensit
558 3363 594 3428 et
611 3356 737 3448 Hylaei
757 3363 954 3429 contentum
973 3357 1112 3429 saueius
1131 3377 1264 3428 orcum:

502 3480 572 3553 Sed
591 3488 705 3554 tamen
723 3481 790 3553 boc
808 3502 891 3554 arcu
910 3482 1023 3552 notior
1044 3480 1133 3552 alter
1151 3486 1235 3551 erat.

212 3672 283 3746 Sed
306 3673 391 3744 satis
413 3674 657 3763 exemplorum.
705 3674 740 3747 si
768 3679 883 3747 autern
911 3676 1035 3746 horum
1068 3671 1255 3744 similitudo
1281 3673 1475 3762 qualiscun-

211 3817 280 3888 que
299 3798 436 3870 videtur
455 3818 522 3869 non
540 3801 653 3870 minor
673 3807 727 3872 est
745 3798 969 3872 similitudine
989 3803 1125 3888 eorum,
1153 3815 1242 3898 quae
1270 3802 1290 3867 a
1316 3797 1475 3868 Oaruttio

212 3919 450 4013 proferuntur,
469 3922 498 3993 sl
516 3923 552 3993 iu
567 3928 686 3994 omues
700 3922 774 3996 iere
788 3923 964 4013 Propertii
979 3923 1106 4013 elegias
1120 3935 1189 3993 non
1203 3921 1383 4014 pauciores
1399 3923 1474 3992 rei·

209 4066 270 4116 sus
289 4043 405 4118 Ovidii
423 4043 555 4117 similes
574 4045 737 4119 iacillim‘e
755 4055 897 4138 possunt
914 4047 1046 4138 'colligit
1074 4061 1117 4116 ne
1140 4047 1175 4116 iu
1195 4049 1318 4136 quarto
1337 4045 1474 4136 quidem

210 4168 298 4239 libro
327 4188 368 4241 ea
394 4167 583 4242 similitudo
609 4171 701 4241 inira
728 4170 839 4242 videri
862 4154 976 4242 debet.
1007 4167 1150 4242 Accedit
1169 4175 1208 4241 ut
1225 4173 1292 4240 nou
1309 4155 1499 4258 paucioio'

209 4290 346 4364 Tibullo
365 4300 402 4364 et
418 4294 603 4384 Propertio
623 4295 815 4366 communia
834 4294 920 4384 sint,
949 4294 1040 4366 unde
1060 4313 1126 4364 non
1144 4293 1230 4364 llliiil
1248 4291 1408 4380 efficitur,
1435 4294 1475 4362 irt

211 4433 254 4485 ea
281 4419 302 4486 'a
326 4415 508 4506 Propertio
536 4418 647 4489 aliena
675 4418 761 4506 siut,
789 4415 849 4488 sed
878 4417 917 4488 ni
946 4418 1138 4507 elegiarum
1165 4414 1370 4506 scriptorum
1399 4430 1473 4484 eam

209 4535 315 4609 fuisse
338 4541 540 4613 societatem
560 4548 596 4613 et
614 4542 891 4613 communitatem
910 4547 1093 4630 appareat,
1122 4543 1160 4610 tit
1187 4541 1246 4609 rei
1265 4535 1402 4610 easdem
1419 4535 1474 4610 rel

208 4661 324 4733 verbis
344 4669 449 4754 saepe
467 4663 588 4736 iisdem
609 4666 849 4754 exprimerent.
889 4665 1010 4754 Neque
1028 4665 1064 4735 id
1078 4663 1204 4733 mirum
1223 4661 1361 4734 ridettii'
1378 4665 1473 4735 111115

207 4805 326 4858 eorum
351 4788 608 4880 retribucione,
639 4807 741 4879 qnam
770 4773 914 4861 Otldius
934 4787 1100 4860 describit
1118 4785 1222 4859 Trist.
1242 4771 1306 4878 IV,
1330 4787 1388 4877 10,
1410 4783 1471 4860 15.
