3600 5594
854 479 1060 546 ..36-

327 689 479 761 eiusdem
499 689 662 760 carminis
681 709 756 760 esse
776 698 960 777 nequeant.
981 686 1076 775 Quae
1095 694 1214 775 partes
1234 691 1348 755 utrnm
1368 683 1486 756 eodem
1505 691 1589 753 tern-

327 834 412 904 pore
432 835 474 883 an
494 814 637 884 diversis
656 812 871 901 temporibus
890 812 1044 900 scriptae
1062 813 1142 898 1111,
1167 810 1202 881 id
1220 829 1333 898 neque
1351 810 1485 879 adrem
1505 808 1587 878 atti-

327 947 387 1008 net
413 957 524 1026 neque
553 936 631 1006 ullis
663 936 855 1007 rationibus
889 935 1046 1006 convinci
1074 941 1203 1022 potest.
1238 933 1335 1004 Nihil
1368 933 1456 1002 enirn
1491 930 1590 1003 affert

327 1059 582 1147 Hertzbergius
602 1059 740 1146 Quaest.
761 1059 865 1147 Prop.
882 1082 916 1148 p.
934 1063 1035 1146 216,
1056 1079 1135 1129 cum
1155 1059 1203 1130 ait
1221 1057 1353 1127 omnia
1370 1058 1588 1128 vaticinantis

327 1183 427 1254 modo
448 1183 539 1252 edita
560 1203 677 1253 omnes
696 1183 786 1252 sales
805 1201 1007 1269 omnemque
1029 1181 1229 1269 sanguinem
1247 1178 1436 1267 perditura,
1453 1178 1483 1246 si
1497 1178 1590 1265 prin-

327 1307 454 1395 cipium
474 1308 634 1377 carminis
653 1314 730 1394 post
758 1305 892 1374 initium
916 1306 1043 1374 amoris
1066 1313 1127 1374 aut
1149 1312 1230 1394 post
1252 1302 1354 1374 finem
1373 1303 1460 1373 adeo
1479 1303 1591 1389 scrip·

326 1445 399 1506 turn
420 1443 522 1507 esset.
548 1435 644 1522 Quod
668 1435 696 1503 11
719 1452 842 1504 verum
865 1446 966 1521 esset,
992 1434 1034 1503 de
1059 1432 1223 1502 similibus
1247 1429 1403 1500 omnibus
1428 1427 1589 1496 carmini·

325 1560 403 1647 bus,
424 1560 548 1647 quibus
566 1580 602 1628 se
621 1563 745 1647 poetae
768 1557 811 1625 ab
830 1576 899 1625 uno
924 1554 966 1626 ad
986 1558 1132 1627 alterum
1157 1550 1395 1643 argumentum
1414 1557 1588 1638 reuocant,

327 1690 417 1754 esset
442 1682 636 1753 dicendnrn.
663 1682 810 1754 Tantum
836 1701 918 1754 vero
947 1681 1059 1767 abest,
1084 1685 1123 1749 ut
1145 1678 1245 1749 nobis
1269 1697 1346 1746 curn
1369 1675 1588 1746 Lachmanno

245 1789 248 1796 Δ
327 1807 384 1896 (ad
408 1808 543 1877 initium
567 1807 669 1876 huius
693 1806 771 1877 libri
795 1809 928 1878 ineius
951 1805 1114 1891 editione)
1136 1803 1243 1892 magis
1266 1801 1355 1871 11111
1378 1821 1399 1870 1
1421 1799 1589 1888 principio

327 1931 382 2018 agi
400 1930 570 2017 videatur,
592 1951 692 2018 quam
711 1937 749 2001 nt
766 1933 851 2004 haec
872 1951 948 2002 curn
967 1927 1224 2016 insequentibus
1239 1925 1283 1996 ab
1296 1925 1392 1995 initio
1407 1924 1589 1993 coniuncta

326 2053 466 2140 inerint,
487 2060 525 2125 ut
544 2056 578 2122 in
600 2075 641 2122 ea
659 2055 734 2142 ipsa
753 2076 791 2126 re
811 2075 980 2126 summum
999 2060 1124 2141 poetae
1148 2048 1330 2120 artificium
1349 2068 1586 2138 agnoscamus.

326 2167 404 2248 Nisi
423 2176 510 2247 forte
531 2177 711 2246 Horatium
730 2178 834 2248 etiarn
853 2179 888 2246 in
908 2178 1017 2247 altero
1042 2175 1147 2266 epodo
1171 2174 1214 2246 ad
1233 2175 1325 2245 11111
1345 2173 1496 2243 rusticae
1516 2173 1588 2241 laun

328 2300 511 2389 dationem,
533 2321 600 2388 qua
618 2301 713 2370 nulla
738 2323 887 2391 unquam
912 2300 1124 2390 splendidior
1146 2306 1252 2389 utque
1275 2299 1325 2368 ita
1349 2298 1459 2368 dicam
1482 2299 1589 2386 magis
1650 2309 1656 2319 '

328 2426 420 2495 seria
438 2425 568 2513 scripta
586 2429 651 2512 est,
671 2424 872 2495 inferiorem
892 2447 979 2514 quae
999 2433 1053 2494 est
1070 2426 1113 2494 de
1132 2422 1221 2494 Alfio
1240 2433 1375 2511 partem
1393 2422 1589 2511 posteriore

327 2555 483 2637 tempore
506 2548 681 2619 addidisse
710 2550 897 2620 existimes.
941 2549 1009 2619 Sed
1040 2549 1187 2619 diversis
1218 2547 1430 2637 temporibus
1461 2566 1590 2633 nequa·

330 2693 431 2760 quam
456 2693 540 2762 opus
564 2678 627 2761 est,
657 2681 696 2742 ut
720 2695 827 2742 unum
854 2693 927 2742 esse
956 2693 1095 2745 carmen
1124 2669 1340 2743 defendatur.
1374 2670 1469 2740 Haec
1500 2669 1589 2738 enim

328 2795 406 2883 ipsa
423 2793 534 2864 forma
553 2795 725 2882 carminis,
755 2804 792 2865 ut
810 2802 913 2884 poeta
931 2818 951 2866 a
969 2797 1129 2884 graviore
1157 2815 1262 2865 causa
1290 2795 1335 2865 ad
1352 2795 1514 2864 leviorem
1534 2815 1590 2864 rc-

329 2926 485 3006 rocetur,
505 2917 589 2986 satis
605 2924 659 2986 est
677 2916 850 3007 frequens.
871 2921 983 3008 Atque
1003 2918 1087 2991 alibi
1107 2918 1257 3006 quidem,
1283 2917 1449 3007 quomodo
1477 2919 1512 2988 id
1539 2915 1590 2987 fa·

330 3047 424 3111 ctum
452 3041 509 3128 sit,
530 3048 705 3130 narratur,
724 3043 819 3111 velut
836 3042 1037 3130 Propertius
1056 3042 1116 3126 111,
1138 3047 1171 3112 2.
1192 3043 1387 3113 Ennianum
1410 3062 1446 3112 11
1470 3061 1591 3132 poema

329 3171 507 3255 expertum
527 3164 569 3234 ab
589 3164 761 3255 Apolline,
783 3164 928 3236 Ovidius
941 3166 1018 3236 Am.
1035 3167 1063 3252 l,
1083 3171 1114 3236 l.
1141 3165 1351 3259 aRCupidine
1371 3187 1406 3237 se
1425 3169 1467 3236 ab
1487 3166 1591 3236 armis
1631 3171 1635 3178 ’

329 3289 497 3378 bellisque
517 3287 660 3358 edendis
684 3298 803 3361 narrat
827 3290 869 3361 ad
892 3291 1097 3362 amatorium
1122 3311 1259 3360 carmen
1283 3298 1474 3360 avocatum.
1497 3290 1590 3362 Alibi

329 3417 537 3482 autemnon
563 3420 819 3502 narraturum,
850 3414 911 3484 sed
939 3415 1069 3502 agitur,
1098 3413 1264 3502 incipitur
1292 3413 1458 3484 celebrari
1487 3435 1592 3484 causa

328 3535 477 3624 gravior,
498 3533 561 3604 sed
581 3532 696 3604 subito
716 3536 758 3605 ab
779 3557 820 3605 ea
838 3537 881 3606 ad
901 3535 1062 3606 leviorem
1087 3542 1149 3606 aut
1172 3537 1244 3626 ipse
1269 3558 1305 3606 se
1329 3545 1430 3626 poeta
1449 3546 1591 3608 revocat

242 3727 246 3734 .
330 3666 392 3729 aut
413 3659 455 3729 ab
480 3658 548 3728 ulio
572 3665 766 3747 revocatur,
790 3667 830 3728 ut
849 3660 1012 3729 Horatius
1033 3658 1071 3729 0.
1097 3659 1140 3738 ΙΙ,
1170 3661 1202 3728 l.
1222 3666 1406 3750 postquam
1424 3659 1590 3730 Pollionis

330 3783 508 3852 historiam
532 3781 612 3852 belli
637 3782 747 3852 civilis
771 3783 925 3853 laudavit
946 3782 1132 3872 populique
1157 3784 1301 3853 Romani
1329 3785 1487 3853 miserias
1510 3805 1589 3854 eon-

331 3914 471 3994 questus
496 3913 561 3992 est,
587 3904 709 3975 ultima
732 3907 875 3995 stropha
894 3906 1043 3976 1111111
1067 3905 1110 3976 11
1134 3907 1241 3978 111111
1264 3908 1435 3995 plectrum
1453 3907 1589 3977 Musam

331 4040 481 4116 revocat,
507 4029 545 4098 0.
572 4027 641 4114 ΙΙΙ,
669 4031 702 4098 3.
728 4035 807 4118 post
829 4029 986 4100 iustitiae
1010 4051 1050 4100 ae
1079 4031 1291 4101 constantiae
1315 4037 1418 4119 atque
1442 4030 1591 4120 Augusti

331 4150 466 4241 laudes,
492 4148 568 4236 Quo
590 4153 692 4224 Musa
711 4152 847 4223 tendis?
879 4154 1004 4243 inquit,
1034 4154 1151 4224 desine
1171 4154 1332 4242 pervicax
1351 4153 1497 4224 Referre
1517 4175 1591 4224 ser·

331 4295 450 4346 mones
474 4275 627 4346 Deorum
653 4283 688 4345 et
711 4276 838 4365 Magna
866 4277 974 4348 modis
1002 4285 1145 4348 tenuare
1174 4276 1299 4365 parvis.
1329 4280 1443 4366 Atque
1472 4278 1591 4349 eodem

331 4406 433 4487 pacto
457 4399 514 4469 hie
539 4420 595 4469 res
619 4402 734 4490 agitur
758 4421 823 4470 non
848 4408 1027 4489 narratur,
1052 4401 1245 4470 revocantis
1269 4406 1385 4470 autem
1408 4422 1592 4490 personam

331 4544 397 4593 non
418 4525 491 4611 ipse
511 4523 714 4613 Propertius
734 4525 796 4595 sed
815 4525 1032 4612 horoscopus
1045 4525 1201 4592 sustinet.
1219 4523 1333 4611 thue
1352 4545 1461 4612 genus
1479 4527 1592 4614 ipsum

333 4647 496 4717 carminis
516 4648 600 4716 nihil
619 4648 723 4719 habet
751 4649 960 4726 offensionis,
986 4649 1034 4716 ita
1059 4667 1101 4714 ne
1126 4667 1145 4715 a
1167 4648 1245 4717 loco
1270 4647 1408 4735 quidem
1432 4670 1592 4740 coquom

332 4771 368 4840 in
388 4791 519 4840 summa
539 4771 641 4843 huius
660 4773 743 4844 libri
763 4774 895 4844 obtinet
927 4771 1075 4840 alienum
1099 4778 1163 4840 est.
1189 4771 1237 4842 Ut
1261 4774 1349 4842 enirn
1369 4795 1484 4844 earum
1505 4795 1592 4862 quae
1672 4825 1674 4830 ·
