3600 5594
873 451 1080 548 ..416-

344 689 419 777 1666
433 709 558 776 genere
574 709 654 759 suae
669 689 900 779 divinationis,
922 711 1008 780 quae
1029 711 1096 760 non
1111 690 1145 760 in
1160 690 1311 760 oraculis
1325 695 1360 760 et
1374 690 1603 781 haruspicina,

346 813 407 881 sed
443 814 478 882 in
508 813 658 883 siderum
689 813 931 884 observatione
960 815 1006 884 sit
1031 815 1155 902 posita.
1191 812 1367 896 Sicenim
1395 813 1602 903 accipimus:

274 943 276 948 '
344 936 502 1024 Dicam,
529 933 670 1025 Troia,
700 935 818 1008 cades
846 945 941 1024 cett,
970 957 1012 1008 611
1036 938 1161 1026 quihus
1181 936 1455 1008 Luettiohannes
1483 959 1603 1008 novam

345 1061 451 1130 sumit
464 1062 644 1150 rationem,
666 1082 743 1152 cum
762 1069 868 1149 negat
885 1061 948 1130 hos
967 1082 1084 1132 616666
1104 1083 1223 1132 161666
1241 1062 1344 1132 huius
1365 1081 1440 1132 esse
1461 1062 1601 1152 elegiae,

345 1185 423 1273 quia
452 1205 491 1254 ea
518 1205 584 1254 666
613 1186 737 1256 Troiae
764 1184 834 1256 1616
862 1193 1101 1273 6166666161,
1127 1186 1282 1274 aliusque
1311 1185 1472 1256 carminis
1499 1184 1603 1256 inisse

344 1315 459 1396 putat,
489 1307 579 1394 quod
617 1309 659 1379 de
697 1308 793 1378 clade
819 1309 940 1379 Troiae
979 1319 1070 1380 esset
1102 1311 1346 1398 conscriptum.
1386 1308 1602 1380 Cassandrae

344 1439 459 1519 certe,
489 1431 612 1502 611116
640 1431 729 1514 vult,
768 1431 859 1502 hunc
888 1454 1026 1503 versum
1059 1455 1133 1504 esse
1162 1454 1229 1503 non
1258 1455 1360 1522 posse
1388 1441 1534 1522 apparet
1562 1455 1610 1512 ex,

343 1556 488 1643 116616,
506 1556 596 1644 quod
617 1575 727 1645 neque
746 1556 780 1626 in
801 1558 874 1626 eius
893 1577 1003 1646 neque
1022 1558 1056 1626 16
1077 1557 1164 1627 61166
1185 1557 1350 1627 61616116
1369 1556 1479 1626 locum
1497 1555 1603 1627 hahet

172 1685 174 1695 '
250 1743 253 1756 ,
344 1680 401 1766 qni
421 1680 495 1767 ipse
515 1679 656 1767 loquens
679 1680 875 1750 inducatur.
898 1683 944 1750 At
973 1679 1056 1750 nihil
1085 1686 1138 1750 est
1166 1682 1303 1750 omnino
1332 1701 1395 1750 cur
1413 1680 1455 1750 ab
1475 1681 1603 1751 usitata

343 1823 445 1890 quam
464 1803 565 1873 modo
584 1804 829 1892 proposuimus
857 1805 1083 1892 explicatione
1108 1804 1336 1875 discedamus.
1367 1804 1456 1874 Nam
1475 1811 1512 1874 ut
1533 1805 1600 1873 hic:

342 1925 463 1996 Troia
492 1926 611 1997 cades
640 1933 721 1997 cett.
750 1947 813 2016 pro
834 1927 987 2016 exemplo
1017 1928 1194 1997 dicuntur:
1225 1934 1264 1996 nt
1291 1925 1504 2015 significetur
1531 1933 1601 1998 tam

341 2069 425 2120 vera
452 2050 669 2139 vaticinatio,
694 2071 794 2140 quam
821 2051 893 2120 6166
921 2071 1006 2122 1616
1033 2049 1099 2122 1611
1126 2052 1184 2140 qui
1212 2050 1350 2120 Troiam
1386 2049 1534 2121 deletum
1557 2051 1601 2120 iri

244 2193 248 2206 ¹
342 2173 527 2262 praedixit,
548 2174 598 2243 116
616 2173 698 2244 alibi
720 2175 854 2264 quoque
875 2180 910 2244 61
938 2195 1039 2263 66666
1063 2195 1126 2264 616
1155 2195 1196 2245 66
1217 2195 1362 2264 quocum
1383 2181 1602 2263 comparatur

342 2317 399 2367 res
419 2318 505 2387 quae
525 2304 746 2386 comparatur
767 2300 840 2388 ipse
861 2298 999 2369 dicitur.
1015 2301 1131 2386 Atque
1151 2299 1308 2388 inprimis
1322 2298 1433 2368 simile
1452 2297 1486 2367 id
1504 2297 1600 2368 vide-

340 2427 409 2508 tur,
430 2423 521 2512 quod
542 2423 627 2492 dicit
645 2423 819 2493 Ausonius
839 2425 875 2492 16
893 2425 1137 2513 epigrammate
1156 2423 1233 2492 XX.
1255 2424 1289 2492 16
1309 2422 1474 2493 Meroen:

551 2632 617 2721 Qui
635 2637 780 2724 primus,
800 2636 936 2723 Meroe,
956 2656 1077 2706 1166166
1097 2635 1158 2704 tihi
1178 2634 1344 2722 condidit,
1364 2634 1421 2704 ille

603 2758 770 2830 Thesidae
790 2779 913 2828 nomen
933 2759 1087 2829 condidit
1106 2758 1307 2847 Hippolyto.

339 2965 427 3036 Nam
447 2969 506 3056 qui
525 2967 663 3040 Maroae
692 2990 815 3040 nomen
843 2970 991 3058 dederit,
1020 2971 1050 3040 is
1080 2992 1149 3040 non
1177 2971 1288 3040 minus
1307 2977 1424 3059 aptum
1444 2972 1600 3060 quodque

340 3093 572 3166 16616161616
592 3095 801 3184 exprimeret
819 3115 942 3165 nomen
962 3093 1099 3165 dedisse
1120 3096 1259 3184 dicitnr,
1281 3116 1381 3184 quam
1402 3096 1460 3184 qui
1473 3096 1600 3166 Thesei

338 3214 444 3288 filium
464 3218 689 3309 Hippolytum
710 3217 904 3289 nominarit.
934 3217 1000 3288 Sed
1025 3240 1068 3288 ne
1086 3219 1173 3290 illud
1198 3220 1333 3307 quidem
1353 3219 1516 3289 dissimile
1533 3225 1598 3310 661,

339 3341 430 3429 quod
450 3342 491 3412 ab
511 3343 585 3433 ipso
605 3341 792 3430 Propertio
811 3341 857 3428 Il,
883 3346 915 3428 l,
938 3344 998 3412 65.
1020 3363 1047 3412 s.
1069 3341 1215 3411 dicitur:
1336 3439 1339 3444 Ι

672 3552 747 3622 Η66
767 3552 796 3621 61
816 3552 892 3641 quis
912 3551 1028 3622 vitium
1048 3551 1178 3639 poterit
1195 3551 1280 3622 mihi
1299 3551 1448 3641 demere,
1469 3551 1563 3622 66166

723 3675 887 3746 Τ6616166
903 3675 1032 3764 6616111
1050 3675 1188 3746 tradere
1207 3695 1308 3764 poma
1325 3695 1438 3746 manu.
1452 3715 1499 3728 -

337 3835 392 3906 vel
415 3836 442 3924 l,
468 3840 527 3923 14,
543 3839 601 3905 11.
624 3857 651 3906 s.
676 3835 764 3905 Tnm
782 3835 864 3904 mihi
883 3833 1018 3904 Pactoli
1037 3835 1180 3904 veniunt
1197 3833 1260 3904 suh
1278 3839 1372 3905 tecta
1389 3834 1557 3924 liquores,

723 3957 770 4028 Et
787 3958 916 4046 legitur
934 3957 1053 4028 rubris
1071 3978 1206 4047 gemma
1224 3958 1286 4028 sub
1306 3958 1526 4046 aequoribus.

338 4168 409 4241 Gur
427 4176 542 4257 autem
560 4170 646 4241 11666
669 4169 883 4258 potissimum
911 4170 1111 4240 vaticinatio
1136 4170 1282 4260 exempli
1304 4191 1408 4240 causa
1426 4191 1595 4242 memore-

335 4302 404 4394 tur,
424 4314 524 4366 nemo
543 4294 724 4365 mirabitur
749 4294 808 4381 qni
832 4295 1025 4364 meminerit
1048 4301 1177 4384 quanto
1197 4293 1373 4382 Propertii
1393 4301 1507 4366 aetate
1527 4315 1597 4366 ser·

336 4439 436 4491 mone
456 4419 605 4490 omnium
624 4438 712 4506 qnae
731 4419 774 4489 ad
794 4426 931 4508 gentem
949 4418 1072 4489 Iuliam
1092 4425 1128 4488 et
1142 4418 1292 4490 Aeneam
1316 4418 1507 4507 Troiaeque
1526 4415 1597 4490 1616

336 4544 522 4614 attinerent
541 4542 715 4615 celebrata
734 4542 814 4613 sint.
845 4541 944 4628 Quod
969 4549 1179 4633 postremum
1198 4540 1473 4612 Luettiohannes
1492 4563 1595 4630 argu·

335 4673 486 4736 mentum
505 4666 652 4757 prolert,
672 4689 737 4738 vss.
760 4671 821 4738 89.
843 4688 887 4736 ss.
919 4665 1047 4755 optime
1071 4685 1149 4733 cum
1170 4666 1231 4736 79.
1253 4666 1314 4734 80.
1337 4665 1539 4753 cohaerere,
1558 4664 1595 4736 id

335 4790 418 4860 nihil
439 4790 482 4862 ad
500 4812 594 4879 rem;
616 4792 646 4862 si
667 4792 804 4862 6611616
824 4792 882 4879 qui
903 4788 1052 4860 traditus
1081 4789 1236 4859 6616116
1258 4787 1594 4861 6611666116166666
