3600 5594
817 498 1081 566 .-80-

353 705 486 794 incidit,
498 713 537 776 ut
555 713 705 777 extremo
723 706 798 776 loco
818 704 968 777 laudatio
986 707 1102 794 aliqua
1112 664 1300 774 Caesareae
1315 703 1434 774 domus
1456 703 1614 777 adhibca

244 907 245 910 Ἴ
355 843 424 900 tur.
471 830 546 918 Quo
574 831 711 900 consilio
743 851 810 900 non
842 831 948 900 solnm
986 828 1119 916 singula
1163 827 1307 898 disticha
1342 827 1534 918 adduntur,
1575 835 1615 899 nt

355 954 449 1024 Fast.
470 953 513 1040 ll,
537 955 622 1024 637.
645 953 879 1023 Charisiornm
909 952 1179 1045 descriptionem
1200 951 1321 1040 pieque
1351 971 1392 1022 ea
1419 950 1614 1022 celebrandi

356 1078 628 1148 adhortationem
650 1077 797 1166 Augusti
816 1076 1001 1146 admonitio
1020 1077 1169 1166 excipit:

462 1289 520 1374 Et,
540 1289 631 1358 Beue
650 1308 722 1375 nos,
743 1287 894 1374 Patriae,
913 1289 1000 1358 bene
1021 1296 1066 1373 te,
1090 1287 1206 1372 Pater,
1226 1285 1354 1374 optime
1376 1283 1518 1356 Caesar!

517 1411 640 1499 Dicite,
662 1409 789 1480 suffuso
809 1433 870 1500 per
890 1432 988 1481 sacra
1006 1411 1112 1480 verba
1130 1431 1224 1479 mero
1245 1448 1295 1462 -

360 1646 419 1708 aut
438 1640 472 1708 in
493 1648 636 1710 exeunte
655 1641 744 1710 libro
764 1641 886 1729 primo,
906 1639 1007 1711 Pacis
1027 1640 1181 1711 sollemni
1196 1632 1395 1729 memorato,
1411 1639 1530 1709 salutis
1550 1659 1613 1726 pu-

359 1763 468 1834 blicae
487 1772 566 1834 vota
584 1765 617 1867 in
637 1765 774 1835 domum
794 1765 995 1836 Caesaream
1014 1764 1227 1852 diriguntur:

414 1978 499 2046 721.
517 1975 631 2066 thue
651 1977 769 2046 domus
789 1996 874 2064 quoe
895 1981 1046 2064 praestet
1064 1997 1148 2064 eam,
1171 1996 1247 2046 cum
1265 1974 1358 2045 Pace
1377 1983 1544 2064 perennet

573 2101 626 2171 Ad
645 2120 706 2170 sua
724 2120 909 2188 propensos
929 2107 1009 2169 vota
1027 2110 1147 2188 rogate
1167 2100 1269 2168 deos:
1291 2137 1339 2149 -

363 2318 422 2388 sed
440 2327 651 2409 usurpantur
671 2320 772 2391 etiam
793 2319 944 2407 plurium
961 2341 1121 2390 versuum
1150 2319 1392 2405 conclusiones,
1422 2321 1461 2386 nt
1478 2316 1506 2406 1,
1528 2319 1615 2388 613.

365 2462 424 2528 ss,
444 2451 623 2533 postquam
643 2443 684 2513 de
707 2445 840 2513 nomine
860 2445 1008 2532 Augusti
1032 2445 1158 2514 dictum
1187 2454 1250 2532 est,
1275 2443 1307 2512 ei
1334 2442 1518 2530 herediqun
1543 2442 1615 2510 eius

364 2567 493 2652 optime
512 2586 663 2657 quaeque
683 2567 824 2646 huncio
844 2568 979 2637 modum
999 2576 1183 2655 optantur:

521 2790 655 2876 Augeat
672 2787 852 2876 imperium
869 2789 976 2857 nostri
997 2786 1106 2876 ducis,
1127 2793 1251 2874 augent
1269 2805 1387 2872 annon,

577 2911 744 3000 Protegat
763 2920 797 2980 et
815 2922 947 2982 vestras
967 2931 1094 3001 querna
1113 2909 1360 2980 coronatores.

523 3034 797 3122 Auspicibnsque
817 3034 888 3104 deis
908 3034 995 3104 tanti
1014 3034 1226 3122 cognominis
1243 3019 1345 3102 heres

577 3157 696 3229 Omine
716 3159 895 3248 suscipiat,
916 3179 981 3249 quo
1001 3167 1111 3247 pater,
1132 3159 1226 3228 orbis
1244 3178 1344 3242 onus3
1366 3196 1414 3208 -

368 3384 402 3444 et
421 3376 448 3463 Ι,
471 3379 543 3447 285
565 3397 609 3448 ss.
629 3377 683 3463 iis,
704 3398 791 3465 quae
811 3378 852 3448 de
871 3377 952 3447 Iano
973 3383 1052 3446 sunt
1070 3377 1238 3466 exposita,
1255 3373 1449 3446 Germanioi
1467 3371 1620 3463 laudatio

368 3497 525 3588 bonaque
544 3520 606 3587 pro
626 3521 665 3569 eo
685 3509 842 3590 suscepta
861 3507 937 3570 voto
958 3500 1165 3570 succedunt:

525 3711 598 3782 Pax
617 3719 702 3795 erat,
723 3720 757 3782 et
777 3713 892 3801 vestri,
914 3711 1130 3798 Germanice,
1150 3731 1251 3781 causa
1268 3707 1434 3796 triumphi

579 3833 783 3905 Tradiderat
801 3833 944 3905 famulas
965 3837 1032 3905 iam
1052 3835 1114 3904 tibi
1135 3833 1274 3904 Rhenus
1293 3853 1409 3922 aquas,

526 3956 619 4049 Iane,
640 3956 713 4028 face
732 3966 889 4029 aeternos
909 3979 1024 4047 pacem
1043 3959 1205 4047 pacisque
1225 3958 1411 4043 ministros,

580 4080 673 4152 Neve
691 4103 790 4151 suurn
807 4089 946 4170 praesta
965 4084 1103 4153 deserat
1121 4091 1244 4152 auctor
1263 4101 1358 4169 opus.

370 4305 508 4392 Augere
527 4303 616 4373 hunc
635 4322 812 4372 numerum
831 4304 1069 4393 exemplorum¹
1082 4325 1149 4374 non
1169 4299 1317 4388 difficile,
1337 4301 1397 4371 sed
1415 4319 1621 4390 supervaca-

373 4449 474 4497 neum
493 4435 564 4516 est,
593 4431 744 4499 cernitur
763 4428 849 4497 euim
870 4451 934 4499 non
963 4430 1163 4499 inusitatum
1187 4427 1291 4497 fnisse
1309 4426 1407 4496 varia
1424 4433 1624 4513 argumenta

372 4552 406 4619 io
428 4550 615 4622 Caesarum
635 4552 754 4622 laudes
777 4550 971 4623 deflectere.
992 4550 1039 4620 At
1060 4572 1103 4621 ex
1131 4552 1195 4620 hoo
1222 4553 1295 4639 ipso
1324 4569 1449 4638 genere
1468 4549 1551 4617 haec
1570 4554 1632 4616 estv

372 4673 542 4762 Propertii
571 4675 754 4747 conclusio.
791 4673 888 4762 Quod
920 4688 1034 4745 autem
1070 4695 1135 4744 non
1167 4674 1367 4763 simpliciter
1402 4683 1436 4742 et
1466 4671 1624 4740 universe

373 4799 489 4868 nescio
511 4799 568 4886 qui
588 4800 631 4869 ad
650 4801 842 4888 Augustum
864 4800 1069 4872 laudandum
1094 4798 1325 4888 impelluntur,
1349 4798 1411 4868 sed
1433 4794 1624 4867 convivium
