3600 5594
877 459 1134 562 -an-'
1246 501 1248 506 ·

346 705 378 776 si
405 723 525 774 verum
553 702 752 794 quaerimus
779 722 823 772 ne
847 701 933 772 haec
959 700 1098 790 quidem
1122 699 1234 790 elegia
1256 699 1299 770 ab
1318 699 1489 771 amatorio
1509 698 1568 771 illo
1588 704 1626 770 et

345 827 447 899 solito
469 826 644 917 Propertii
671 845 802 915 genere
829 824 932 916 plane
961 823 1074 894 aliena
1102 828 1167 894 est.
1205 823 1376 903 Extrema
1401 823 1495 895 enim
1521 826 1624 912 parte

346 970 451 1024 causa
480 953 507 1021 si
535 970 602 1021 non
630 949 674 1020 ad
697 967 852 1020 amorem
871 951 1042 1018 attamen
1061 945 1105 1017 ad
1124 946 1320 1018 convivium
1339 945 1518 1017 amatoriis
1537 945 1622 1017 deli·

308 1057 317 1074 ⁴
348 1074 410 1144 ciis
442 1093 510 1144 non
538 1073 689 1145 alienum
724 1071 925 1157 deducitur3
959 1070 996 1140 id
1023 1071 1137 1159 ipsum
1164 1073 1281 1140 autern
1310 1069 1472 1140 amatorii
1500 1073 1625 1157 poetae

345 1196 594 1284 existimamus,
614 1215 684 1266 non
704 1195 815 1264 solum
829 1213 917 1283 quae
932 1194 968 1263 in
982 1193 1060 1281 ipso
1076 1213 1193 1265 amore
1212 1193 1326 1282 posita
1339 1197 1420 1263 sunt
1430 1190 1622 1281 celebrare,

345 1318 407 1390 sed
434 1319 672 1390 diversissima
699 1323 736 1388 et
767 1316 1039 1387 disiunctissime
1067 1335 1226 1406 quaeque
1255 1333 1474 1404 omnemque,
1508 1320 1547 1385 ut
1574 1315 1627 1393 ita

344 1442 470 1532 dicam,
491 1462 611 1513 rerum
630 1446 790 1512 naturam
809 1440 854 1511 ad
872 1459 1024 1510 amorem
1044 1439 1197 1528 dirigere
1216 1437 1444 1526 omnibusque
1465 1456 1553 1525 quae
1569 1438 1636 1517 di·¹

345 1569 404 1637 cat
422 1565 523 1655 qnasi
543 1574 661 1636 notam
682 1563 865 1654 quamdam
884 1563 1010 1653 amoris
1028 1562 1240 1650 imprimere.
1274 1560 1326 1632 Ac
1346 1563 1395 1632 sic
1414 1560 1623 1650 Propertius

345 1688 524 1777 porticum
543 1687 587 1758 ab
605 1688 765 1777 Augusto
784 1691 944 1775 apertum
963 1685 1015 1774 II,
1042 1689 1101 1757 31.
1122 1685 1173 1756 ita
1191 1691 1330 1772 narrat,
1351 1692 1391 1754 ut
1413 1685 1543 1756 amicae
1562 1705 1624 1756 cur

344 1812 479 1883 tardior
497 1812 613 1882 veniat
630 1809 802 1882 rationem
818 1809 961 1896 reddat;
981 1828 1070 1880 nova
1082 1808 1174 1879 bella
1184 1807 1334 1897 Augusti
1349 1827 1525 1898 novasque
1536 1829 1622 1899 quas

346 1940 526 2024 exspectat
556 1934 724 2011 victorias
752 1933 822 2024 ΙΙΙ,
852 1939 887 2005 4.
919 1934 968 2004 ita
998 1932 1169 2021 celebrat,
1202 1938 1242 2003 ut
1269 1933 1382 2003 animo
1409 1933 1624 2022 triumphum

344 2058 550 2148 praecipiat,
571 2077 673 2147 quem
691 2058 727 2127 in
746 2058 822 2127 sinu
842 2078 945 2129 carae
966 2057 1067 2126 nixus
1085 2055 1221 2145 puellae
1239 2062 1460 2144 spectaturus
1478 2055 1534 2125 sit.
1555 2054 1624 2126 Sed

344 2180 388 2252 de
416 2181 557 2254 Phileta
583 2181 763 2252 hactenus,
804 2178 1055 2250 Callimachum
1083 2199 1168 2249 vcro
1193 2178 1270 2268 quis
1293 2179 1351 2249 hic
1370 2178 1541 2268 appellari
1560 2179 1623 2248 mi·

345 2311 458 2392 retur,
478 2306 536 2393 qni
556 2305 752 2375 meminerit
770 2301 868 2372 Δῖτια
887 2303 960 2375 eius
979 2304 1029 2374 ita
1044 2300 1152 2374 fuisse
1167 2302 1299 2392 scripta
1311 2308 1352 2372 ut
1365 2306 1441 2372 tota
1454 2300 1625 2372 ineodem

344 2447 475 2518 genere
494 2432 599 2516 atquc
622 2427 709 2498 hacc
728 2427 839 2517 elegia
863 2432 981 2498 esseut
999 2426 1134 2516 posita?
1162 2425 1243 2496 Sive
1264 2425 1371 2516 enim,
1395 2431 1435 2494 ut
1454 2425 1530 2495 aliis
1549 2424 1623 2514 pla-

345 2555 412 2639 cet,
433 2556 643 2640 perpetuum
662 2549 759 2621 illurn
778 2549 844 2620 fuit
868 2570 1007 2640 poema,
1037 2550 1110 2620 sive
1134 2549 1171 2618 in
1195 2548 1340 2638 singulis
1366 2547 1487 2638 elegiis
1508 2549 1622 2626 consi·

346 2673 475 2763 siebat,
491 2680 531 2745 ut
539 2673 716 2745 Dilthcius
731 2673 798 2763 (De
812 2671 1015 2745 Callimachi
1027 2671 1194 2762 Cydippe.
1206 2671 1346 2760 Lipsiae
1357 2675 1370 2740 l
1381 2674 1510 2761 Scap.
1523 2673 1625 2761 105.)

347 2816 391 2867 ex
409 2796 465 2866 his
483 2796 569 2885 ipsis
583 2796 764 2885 Propertii
784 2796 899 2885 quarti
919 2796 1000 2866 libri
1020 2795 1143 2884 elegiis
1164 2794 1318 2864 coniicit:
1341 2795 1406 2866 hoc
1426 2801 1522 2865 certe
1537 2795 1623 2866 nihil

346 2917 454 2988 habet
482 2918 725 3007 dubitationiS,
754 2919 836 3009 quin
873 2917 1085 3008 singulorum
1114 2919 1289 2988 nominum
1323 2922 1358 2987 et
1385 2919 1624 2990 institutorum

347 3061 474 3112 causae
503 3039 634 3111 fuerint
661 3027 866 3132 explicatae,
897 3039 988 3111 unde
1010 3059 1135 3112 nomen
1161 3040 1250 3111 libro
1270 3041 1418 3112 inditum
1437 3048 1507 3131 est,
1536 3043 1624 3114 illud

345 3185 429 3236 vero
449 3165 630 3236 dubitatur
652 3165 769 3255 etiarn,
800 3170 916 3235 utrum
941 3184 1077 3235 amores
1101 3164 1166 3234 hoc
1191 3163 1311 3235 eodem
1335 3163 1426 3234 libro
1450 3169 1623 3237 tractave-

346 3289 406 3377 rit,
425 3295 466 3359 ut
487 3288 644 3359 Diltheio
664 3289 711 3379 (p.
735 3290 797 3358 74.
819 3289 879 3376 ss.)
900 3296 934 3358 et
954 3285 994 3358 Ο.
1017 3287 1231 3359 Schneidero
1251 3286 1428 3378 (Prolegg.
1449 3289 1485 3356 in
1510 3287 1623 3381 Αἴτια)

345 3409 501 3500 videtur,
531 3430 575 3481 an
594 3417 733 3500 praeter
753 3410 848 3480 illurn
871 3416 907 3481 ct
925 3410 1068 3500 hymnos
1089 3417 1124 3480 et
1142 3410 1393 3498 epigrammata
1411 3410 1497 3481 alias
1516 3413 1624 3484 etiam

346 3540 450 3625 atque
478 3535 666 3605 amatorias
695 3533 824 3622 elegias
849 3533 1110 3623 conscripserit,
1140 3540 1178 3604 ut
1200 3531 1486 3623 ValckenaeriuS,
1511 3535 1623 3608 Erne-

345 3659 451 3747 stius,
471 3658 648 3730 Bentleius
671 3657 813 3728 malunt.
848 3660 897 3728 At
920 3658 987 3729 hac
1006 3639 1183 3748 Propertii
1201 3657 1313 3746 elegia
1331 3657 1417 3729 nihil
1436 3657 1529 3729 aliud
1549 3661 1623 3750 agi-

344 3786 404 3850 tur
433 3770 537 3871 qua'm
566 3794 605 3853 ut
628 3782 836 3870 explicetur,
866 3801 929 3852 cur
949 3781 1100 3869 Apollini
1120 3777 1275 3852 Palatino
1296 3782 1460 3872 templum
1481 3782 1620 3855 dedica·

344 3909 419 3972 tum
439 3904 496 3974 sit.

426 4079 467 4148 In
486 4079 663 4168 septima
691 4079 802 4169 elegia
820 4079 1091 4151 Luettiohannes
1121 4083 1212 4172 (pag.
1235 4086 1296 4152 40.
1319 4083 1361 4172 s.)
1388 4087 1468 4171 post
1486 4103 1535 4152 vs.
1559 4087 1619 4154 22.

347 4198 527 4293 (Foederis
547 4202 614 4271 hen
634 4202 750 4272 taciti!
775 4203 876 4273 cuins
894 4201 1028 4274 fallacia
1048 4203 1155 4273 verba
1173 4203 1251 4274 Non
1272 4204 1424 4274 audituri
1445 4205 1621 4295 diripuere

345 4325 445 4415 Noti)
463 4325 500 4397 id
521 4325 711 4415 desiderat,
733 4326 788 4396 cui
808 4327 984 4413 proximus
1004 4347 1140 4397 versus:

453 4535 502 4604 At
520 4534 605 4604 mihi
625 4556 694 4606 non
713 4537 832 4606 oculos
853 4539 1033 4627 qnisquam
1054 4534 1251 4606 inclamavit
1270 4537 1442 4608 euntis-

346 4748 426 4833 apte
447 4753 654 4835 opponatur.
693 4746 789 4819 Idem
809 4769 877 4820 vss.
902 4749 1074 4819 35—38:
