3600 5594
735 505 937 576 ..75...

229 722 274 809 ΙΙ,
298 723 382 792 503.
402 741 451 790 ss.
472 714 620 790 Pulcher
638 724 673 787 et·
692 716 840 788 humano
859 716 965 786 maior
982 713 1335 802 trabeaquedecorus

520 841 682 914 Romulus
702 844 735 910 in
754 841 865 910 media
883 841 978 912 visus
996 840 1116 910 adesse
1137 839 1191 910 via

468 967 513 1036 Et
533 967 659 1037 dixisse
678 965 777 1035 simul
800 1003 843 1016 -

277 1161 339 1243 111,
365 1163 447 1230 171.
472 1199 517 1211 -
543 1197 587 1212 -
610 1199 659 1210 -
679 1160 728 1228 sic
749 1159 860 1246 posita
880 1157 966 1228 dixit
986 1156 1070 1226 mibi
1088 1157 1219 1240 casside
1240 1125 1391 1247 Movere,

521 1283 586 1352 Sed
606 1291 720 1352 tamen
741 1283 774 1351 in
795 1281 918 1352 dextra
937 1280 1078 1350 missilis
1097 1282 1196 1352 hasta
1214 1278 1291 1350 luit.

99 1537 103 1556 ι
207 1500 374 1585 Denique,
396 1498 518 1568 utalia
537 1499 724 1585 mittamus,
745 1495 835 1587 quod
858 1495 966 1566 forma
990 1494 1093 1564 etiam
1117 1505 1152 1564 et
1173 1495 1288 1566 verbis
1312 1495 1460 1582 Proper-

208 1599 304 1693 tiano
319 1623 430 1692 versui
450 1622 593 1692 similius
614 1632 678 1707 est,

208 1823 302 1894 Fast.
326 1823 366 1894 V.
392 1827 476 1894 193.
498 1845 525 1894 s.
547 1822 602 1893 Sic
624 1843 706 1912 ego:
729 1823 778 1892 sic
799 1824 926 1893 nostris
951 1821 1126 1910 respondit
1146 1821 1232 1890 Dira
1256 1821 1400 1908 rogatis.

602 1947 690 2017 Dum
712 1947 875 2035 loquitur,
898 1965 1018 2016 vernas
1037 1944 1132 2028 eldat
1150 1945 1191 2015 ab
1212 1963 1397 2043 orerosas.

167 2184 170 2190 ·
208 2139 337 2228 Quodsi
361 2141 396 2210 in
420 2128 475 2210 his
499 2140 643 2228 aliisque
669 2139 976 2211 innumerabilibus
999 2139 1162 2228 exemplis
1187 2138 1464 2228 qualisquisque
1499 2155 1505 2174 ·
1552 2119 1555 2124 ⁵

208 2263 287 2334 dum
307 2263 460 2353 loquitur
485 2261 590 2333 luerit
612 2265 852 2352 perscribitur,
878 2264 960 2353 quid
983 2270 1036 2333 est
1063 2285 1126 2332 cur
1146 2263 1245 2333 lenae
1264 2261 1463 2350 Propertiu-

210 2409 271 2458 nae
295 2387 395 2458 foeda
419 2389 545 2457 macies
570 2388 724 2458 oratione
748 2389 903 2477 exposita
927 2399 1234 2476 commemoretur,
1262 2407 1337 2458 cum
1362 2407 1462 2475 prae-

210 2513 327 2581 sertim
346 2511 406 2581 tali
426 2511 560 2581 mulieri
580 2513 657 2581 talis
677 2513 788 2582 oratio
808 2513 952 2582 maxime
977 2512 1022 2581 sit
1046 2518 1297 2598 consentanea,
1310 2530 1462 2599 quaeque

207 2657 250 2705 ex
269 2637 462 2732 praeceptis
481 2637 554 2705 eius
582 2639 736 2706 nascitur
763 2636 950 2725 indignatio
980 2635 1192 2723 turpitudine
1219 2635 1463 2723 praecipientis

210 2761 334 2828 mirum
359 2761 393 2829 in
417 2759 552 2829 modum
583 2760 770 2846 augeatur?
789 2797 841 2814 -
860 2758 933 2846 Quo
961 2779 1043 2829 vero
1066 2761 1142 2828 iure
1165 2779 1302 2828 versum
1322 2761 1382 2829 70.
1403 2779 1463 2828 ne-

210 2893 309 2968 gatur
332 2903 408 2953 cum
437 2884 602 2971 proximis
630 2904 706 2954 esse
734 2884 978 2954 coniunctum?
1007 2883 1093 2954 Nam
1122 2883 1260 2954 sordida
1287 2885 1400 2972 inopia
1429 2890 1464 2953 et

210 3005 392 3096 pergula,
413 3012 453 3075 ut
473 3005 563 3094 apud
582 3008 779 3078 Petronium
798 3005 867 3078 Sat.
890 3010 911 3076 7
916 3011 949 3077 4.
972 3008 1051 3098 (Hic
1072 3008 1182 3097 quiin
1203 3007 1345 3096 pergula
1362 3015 1462 3077 natus

211 3139 276 3216 est,
296 3129 395 3200 aedes
416 3149 484 3199 non
503 3127 673 3218 somniat),
700 3136 735 3198 et
757 3130 910 3219 algenti
934 3129 1023 3199 foco
1046 3129 1238 3216 indicatur;
1264 3129 1382 3199 eadem
1402 3151 1462 3200 au-

213 3261 282 3322 tem
311 3258 345 3323 et
372 3260 450 3324 ante
478 3253 674 3324 declaratur
702 3251 908 3341 tegetibus
935 3253 1118 3341 paternis
1152 3263 1187 3321 et
1214 3261 1292 3341 post
1319 3253 1463 3324 sordidis

209 3377 372 3467 exequiis,
393 3384 433 3450 ut
451 3399 582 3449 omnem
601 3378 691 3448 hunc
716 3377 827 3446 locum
852 3377 888 3446 in
910 3377 1027 3446 eadem
1052 3398 1091 3446 re
1115 3377 1266 3446 consumi
1289 3384 1460 3468 appareat.

210 3501 282 3572 Nec
309 3501 451 3571 dubium
479 3507 542 3590 est,
571 3522 633 3572 cur
663 3502 719 3572 hic
744 3501 958 3590 potissimum
986 3522 1027 3571 ea
1053 3521 1109 3570 res
1138 3508 1337 3590 exponatur.
1366 3500 1464 3588 Quod

212 3625 298 3694 enim
320 3624 461 3695 Ovidius
480 3626 557 3695 Am.
578 3625 605 3712 1,
627 3629 662 3712 8,
681 3631 768 3695 extr.
785 3646 805 3694 a
824 3625 875 3696 dis
893 3626 982 3713 petit
1000 3632 1039 3695 ut
1058 3645 1120 3712 pro
1134 3625 1292 3713 turpibus
1311 3626 1463 3696 consiliis

117 3771 121 3780 ·
210 3746 305 3817 lenae
325 3748 499 3818 tribuatur
519 3749 790 3837 -nullosque
808 3748 915 3818 lares
935 3749 1173 3836 inopemque
1194 3756 1397 3819 senectam
1412 3788 1462 3800 -

209 3870 245 3941 id
266 3871 464 3960 Propertius
484 3870 623 3942 deorum
645 3870 808 3942 beneficio
827 3881 948 3942 narrat
967 3893 1042 3942 esse
1064 3870 1191 3942 datum.

292 4063 437 4136 Sextae
457 4065 585 4154 elegiae
606 4065 874 4139 Luettiohaunes
894 4067 1023 4137 medios
1041 4084 1170 4153 verone,
1199 4066 1257 4154 qui
1277 4074 1394 4136 sunta
1412 4087 1461 4137 vs.

218 4189 258 4258 ll
287 4229 331 4240 -—
356 4193 415 4262 68.

422 4367 522 4437 illusa
540 4366 687 4438 Palatini
707 4363 896 4436 referemus
917 4366 1079 4454 Apollinis
1099 4365 1214 4436 aedem
1236 4407 1281 4416 —

351 4530 401 4540 -
421 4489 498 4562 Una
516 4493 634 4562 decern
653 4492 736 4562 vicit
753 4491 857 4561 missa
875 4490 1000 4578 sagitto
1018 4497 1121 4561 rates.
1146 4531 1193 4541 -

211 4685 304 4773 ipsos
322 4683 494 4771 integrum
517 4705 591 4756 esse
619 4705 755 4756 carmen
780 4691 883 4774 atque
907 4705 927 4754 a
949 4683 1073 4754 oeteris
1096 4683 1313 4772 separandos,
1337 4691 1376 4754 ut
1393 4684 1461 4755 duo

209 4807 294 4878 fiant
312 4803 353 4880 ex
373 4827 438 4878 uno
457 4809 619 4897 carmine,
639 4809 843 4880 arbitratur.
865 4809 953 4879 Nam
972 4808 1131 4896 primum,
1152 4807 1180 4877 si
1199 4825 1266 4876 uno
1284 4815 1375 4878 esset
1392 4809 1461 4879 ele·
