3600 5594
732 465 941 535 ..55-

207 677 287 746 liter
306 675 551 765 accipiendum,
572 682 611 746 nt
629 677 657 764 I,
682 681 742 764 14,
767 681 797 746 l.
824 677 929 748 unda
957 677 1167 766 Tiberina,
1192 683 1229 748 et
1255 675 1468 747 ustus-de·

209 799 317 870 color
346 806 441 872 recte
465 801 662 890 expeditum
688 821 766 872 esse
789 801 1063 888 aLachmann03
1093 803 1152 890 qui
1181 801 1334 891 quidem,
1361 799 1470 872 Ustus

209 921 363 1014 decolor,
381 925 505 1014 inquit,
531 945 684 1014 expone:
708 926 858 1015 decolor,
884 926 965 1015 qnia
987 933 1097 996 ustus.
1124 925 1344 1016 Relinquitur
1366 926 1472 1016 igitur

210 1069 261 1118 νε.
284 1051 332 1136 7.,
363 1047 421 1118 nbi
448 1069 523 1120 cum
552 1049 730 1120 iteratos
759 1069 830 1138 per
860 1057 971 1120 ortus
999 1069 1065 1120 non
1087 1051 1136 1119 sic
1160 1049 1270 1139 possit
1292 1049 1413 1138 accipi,
1435 1053 1474 1116 nt

210 1171 293 1242 alibi
321 1172 374 1243 sol
401 1179 462 1242 aut
497 1173 565 1243 alia
594 1172 709 1243 sidera
737 1174 865 1243 iterare
893 1180 990 1244 ortus
1018 1173 1202 1263 dicuntur,
1241 1193 1316 1244 cum
1344 1173 1472 1242 iterum

211 1295 382 1385 oriuntur,
404 1297 549 1368 maxime
569 1298 641 1367 veri
661 1298 773 1368 simile
791 1296 876 1367 illud
897 1297 1044 1385 videtur,
1066 1297 1156 1386 qnod
1171 1295 1345 1370 Lucienus
1361 1295 1474 1366 Muel-

212 1419 307 1490 lerus
326 1418 470 1509 profert,
490 1441 565 1494 cnm
589 1421 622 1491 in
646 1422 834 1510 archetypo
854 1421 947 1511 qnod
965 1422 1129 1510 scriptum
1149 1420 1255 1492 fuerit
1275 1441 1340 1492 non
1359 1429 1477 1509 potue·

215 1544 262 1614 rit
288 1545 375 1635 legi,
410 1567 451 1616 ce
483 1546 589 1616 verba
621 1551 654 1615 in
684 1546 914 1635 Neapolitano
942 1528 1088 1636 omissa,
1118 1548 1152 1615 in
1183 1545 1403 1635 Groningano
1437 1563 1478 1614 ea

214 1669 343 1758 scripta
366 1689 453 1756 esse,
480 1690 567 1759 qnae
590 1671 656 1742 etsi
683 1690 748 1740 non
777 1670 1054 1760 intelligerentur
1081 1671 1123 1740 ad
1150 1671 1271 1740 literas
1300 1668 1476 1758 archetypi

215 1793 369 1880 proxime
397 1794 600 1865 viderentur
628 1794 801 1866 accedere.
833 1794 932 1864 Hunc
959 1795 1067 1885 igitur
1094 1795 1206 1864 locum
1236 1794 1415 1864 mittamus
1444 1797 1479 1862 et

215 1917 389 1990 veniamus
408 1918 452 1988 ad
471 1939 520 2012 vs.
544 1921 604 1990 29.

296 2043 343 2111 At
369 2042 452 2112 mihi
479 2063 555 2112 cum
584 2049 703 2113 noctes
730 2043 866 2113 induxit
891 2041 1027 2130 Vesper
1050 2063 1184 2114 amaras
1203 2081 1253 2094 -
1273 2049 1355 2113 ante
1379 2059 1479 2128 quem

214 2185 350 2236 versum
369 2165 638 2236 Luettiohannes
657 2166 799 2237 collocat
817 2185 885 2237 rss.
905 2167 954 2236 43
979 2205 1023 2218 --
1048 2169 1108 2236 50.

322 2395 420 2466 Felix
438 2395 642 2484 Hippolyte!
663 2389 754 2466 nuda
774 2396 855 2466 tulit
872 2415 968 2466 arma
986 2395 1114 2484 papilla

375 2520 425 2590 Et
444 2519 531 2589 texit
549 2519 647 2608 galea
668 2518 816 2589 barbara
835 2518 933 2588 molle
952 2527 1066 2607 capnt.

326 2643 486 2714 Romanis
506 2642 637 2712 utinam
656 2643 852 2732 patuissent
871 2649 987 2713 castra
1004 2642 1142 2731 puellis!

378 2767 499 2837 Essem
520 2765 663 2836 militiae
683 2766 818 2836 sarcina
837 2764 906 2836 lida
924 2775 1015 2836 tuae.

327 2890 397 2960 Nec
417 2911 470 2960 me
489 2889 669 2960 tardarent
687 2889 846 2980 Scythiae
865 2891 956 2980 iuga,
977 2911 1053 2961 cum
1074 2897 1172 2979 pater
1192 2891 1278 2962 altas

380 3015 506 3102 Aprica
525 3015 560 3085 in
578 3013 723 3100 glaciem
742 3011 873 3103 frigore
893 3016 998 3085 nectit
1016 3036 1135 3104 aquae.

328 3135 444 3208 Omnis
463 3159 560 3208 amor
579 3158 735 3227 magnus,
756 3139 816 3208 sed
835 3145 957 3226 aperto
976 3138 1010 3207 in
1031 3139 1178 3226 coniuge
1197 3137 1326 3206 maior:

381 3261 476 3332 Hanc
495 3261 614 3332 Venus
636 3267 673 3330 ut
692 3261 786 3332 vivat
805 3261 950 3332 ventilat
967 3261 1041 3350 ipsa
1060 3258 1185 3346 facem3
1207 3299 1258 3310 -

224 3491 273 3561 sic
293 3499 419 3577 tamen,
441 3499 480 3562 ut
498 3499 532 3562 et
550 3500 629 3581 post
646 3493 711 3564 hos
730 3513 850 3562 versus
878 3490 1058 3562 nonnullos
1081 3496 1180 3580 putet
1204 3511 1323 3561 versus
1353 3492 1492 3562 interci-

225 3615 328 3703 disse,
359 3614 484 3704 quibus
513 3636 549 3685 se
569 3617 745 3687 Arethusa
775 3615 967 3686 declararet
991 3622 1134 3704 propter
1162 3615 1316 3705 coniugis
1340 3635 1488 3686 amorem

226 3737 361 3809 facilius
382 3745 497 3809 castra
515 3739 739 3811 toleraturum
759 3761 846 3828 esse,
867 3746 902 3810 et
921 3737 1011 3810 inira
1030 3745 1110 3809 ante
1130 3759 1180 3808 vs.
1205 3739 1264 3807 51.

335 3949 424 4020 Nam
443 3949 527 4019 mihi
547 3950 639 4038 quo?
657 3951 781 4021 Poenis
800 3952 865 4021 tihi
885 3970 1040 4042 purpura
1058 3948 1191 4038 fulgeat
1209 3949 1314 4020 ostris
1335 3989 1385 4000 -

227 4181 349 4232 rursus
367 4161 500 4251 aliquot
521 4160 692 4232 excidisse
715 4181 848 4250 versus,
879 4163 1004 4252 quibus
1029 4182 1065 4232 se
1091 4162 1206 4234 luctus
1229 4181 1332 4232 causa
1356 4161 1494 4232 sordida

141 4377 147 4390 ι
227 4287 278 4356 nti
306 4291 403 4356 veste
426 4285 662 4375 profiteretur.
692 4284 799 4356 Cuius
829 4286 999 4374 opinionis
1027 4291 1231 4374 argumenta
1259 4305 1301 4354 ex
1328 4285 1382 4353 his
1411 4284 1494 4354 locis

227 4409 367 4497 promit.
387 4409 543 4482 Primum
563 4429 605 4480 ex
624 4416 679 4496 at,
705 4409 798 4500 quod
822 4416 875 4480 est
897 4409 932 4478 in
951 4430 1000 4480 νε.
1029 4411 1089 4480 29.
1115 4407 1201 4478 Nam
1226 4408 1260 4476 in
1284 4427 1323 4476 eo
1343 4407 1402 4496 qui
1422 4412 1495 4478 tra·

228 4533 321 4604 ditus
341 4533 387 4602 sit
410 4553 570 4604 versuum
601 4531 720 4604 ordine
751 4553 819 4604 non
846 4534 997 4623 perspici
1021 4532 1102 4622 quid
1134 4532 1188 4602 cui
1215 4538 1430 4620 opponatur:
1461 4539 1499 4602 at

230 4656 408 4745 aptissime
427 4658 458 4726 ei
484 4677 571 4746 qnae
594 4657 770 4728 absentem
795 4658 955 4728 maritum
984 4656 1140 4745 deploret
1161 4655 1354 4758 Arethusae
1374 4657 1497 4744 opponi
1545 4685 1547 4688 ·

231 4781 372 4851 candem
395 4780 561 4869 Lycotam
586 4783 620 4852 in
639 4781 764 4852 bellum
789 4783 1016 4853 comitantem.
1045 4779 1176 4849 Deinde
1202 4799 1244 4848 ex
1267 4779 1498 4868 descriptione
