3600 5594
743 513 953 582 *lor-

217 724 291 794 eins
314 720 421 792 fuerit
442 723 504 810 (sc.
529 719 833 810 considerabimus)
857 721 1048 794 cuiusmodi
1070 741 1127 792 res
1156 726 1301 792 mortem
1330 722 1405 794 eius
1434 721 1479 792 sit

217 852 413 918 consecuta.
440 845 563 915 -Ac
592 843 714 914 Cicero
734 845 860 915 Partit.
886 845 981 917 Orat.
1010 847 1227 933 2181-
1254 843 1373 935 Neque
1397 865 1478 916 vero

217 991 321 1058 mors,
341 970 463 1058 inquit,
484 990 615 1054 eorum,
636 989 781 1056 quorum
802 972 871 1038 vita
895 968 1104 1055 laudabitur,
1131 968 1269 1039 silentio
1291 969 1480 1056 praeteriri

216 1094 366 1182 debebit,
387 1093 535 1164 simodo
561 1091 642 1180 quid
665 1093 732 1162 erit
755 1091 1091 1162 animadvertendum
1116 1099 1175 1162 aut
1199 1092 1330 1180 inipso
1353 1113 1479 1180 genere

217 1219 338 1288 mortis
366 1221 426 1286 aut
456 1217 489 1284 in
518 1215 561 1286 iis
590 1215 695 1286 rebus
724 1235 809 1304 quae
838 1220 1088 1304 postmortem
1121 1221 1224 1286 eruut
1256 1223 1478 1302 consecutae;

217 1342 377 1430 idemque
403 1341 456 1410 De
481 1349 567 1411 orat.
592 1339 638 1428 Il,
661 1342 722 1428 85,
746 1343 831 1410 347.
867 1340 990 1428 Neque
1017 1337 1142 1409 tamen
1162 1339 1221 1410 illa
1247 1361 1317 1410 non
1343 1349 1478 1430 ornant,

216 1466 327 1536 babiti
353 1466 518 1552 honores,
552 1464 693 1536 decreta
724 1464 878 1550 virtutib,
913 1465 1083 1552 praemia,
1114 1483 1171 1534 res
1197 1471 1314 1552 gestae
1343 1465 1480 1536 iudiciis

217 1590 392 1662 hominum
422 1575 682 1677 comprobatae;
709 1589 744 1656 in
768 1588 892 1676 quibus
915 1588 1020 1658 etiam
1043 1586 1242 1660 felicitatem
1265 1589 1373 1678 ipsam
1396 1589 1480 1661 deo·

218 1733 296 1784 rum
314 1713 558 1784 immortalium
578 1713 705 1782 iudicio
730 1711 839 1782 tribui
861 1711 1067 1782 laudationis
1092 1716 1146 1782 est
1164 1751 1226 1780 -.
1260 1711 1481 1802 1111111111-

220 1837 330 1908 lianus
348 1836 412 1925 III,
434 1840 468 1924 7,
493 1839 552 1906 10.
581 1835 694 1924 Magis
717 1840 787 1922 est,
811 1835 938 1924 inquit,
962 1835 1059 1906 varia
1081 1835 1156 1906 laus
1179 1835 1365 1906 bominum.
1394 1837 1482 1909 Nam
1524 1916 1535 1936 .

218 1961 369 2048 primum
387 1960 553 2031 dividitur
571 1959 606 2030 in
625 1965 780 2047 tempora
799 1959 961 2048 quodque
981 1963 1060 2029 ante
1084 1979 1142 2030 eos
1165 1957 1231 2030 luit
1255 1981 1391 2050 quoque
1416 1961 1483 2049 ipsi

219 2084 397 2173 vixeruut3
418 2084 452 2152 in
471 2082 525 2153 his
545 2087 661 2154 autem
680 2083 739 2171 qui
757 2079 829 2154 fato
847 2090 929 2153 sunt
947 2080 1057 2152 functi
1081 2082 1186 2152 etiam
1205 2085 1297 2173 quod
1320 2085 1482 2156 11111111-

219 2213 349 2280 cutum.
371 2245 421 2258 -
439 2206 488 2276 At
514 2205 647 2278 luctum
675 2214 710 2277 ct
737 2206 1023 2296 approbationem
1050 2225 1127 2276 cum
1153 2207 1384 2278 multitudinis
1411 2216 1483 2280 tum
1579 2261 1581 2268 .
1618 2263 1622 2271 .

220 2331 340 2420 optimi
357 2331 522 2419 cuiusque
540 2330 575 2400 in
595 2330 754 2401 laudibus
772 2336 992 2400 mortuorum
1009 2331 1091 2418 poni
1111 2335 1146 2402 et
1165 2331 1297 2402 Auctor
1321 2330 1483 2402 Consola-

218 2456 323 2526 tionis
346 2455 390 2525 ad
413 2452 550 2524 Liviam
569 2454 760 2543 Augustam
777 2459 938 2540 testatur,
964 2474 1041 2524 cum
1060 2455 1232 2524 communi
1254 2455 1403 2526 omnium
1426 2476 1483 2527 or-

218 2578 335 2649 dinum
353 2578 448 2649 luctu
469 2576 672 2648 adumbrato
689 2597 739 2648 vs.
763 2579 848 2648 209.
870 2597 915 2647 ss.

376 2791 425 2864 Et
443 2811 539 2878 voce,
559 2790 742 2888 inquitet
760 2790 914 2861 lacrimis
932 2790 1092 2880 laudasti,
1114 2790 1254 2882 Caesar,
1276 2793 1461 2880 alumnum,

429 2913 558 2984 Tristia
575 2933 652 2985 cnm
670 2913 804 2985 medius
822 2923 1000 3004 rumperet
1017 2935 1098 2986 orsa
1116 2915 1225 2986 dolor.

376 3039 428 3110 Tu
447 3039 556 3108 letum
574 3039 702 3126 optasti
721 3037 784 3108 Dis
801 3039 1042 3110 aversantibus
1061 3059 1160 3110 omen

429 3159 498 3230 Par
515 3158 593 3247 tibi,
613 3159 642 3228 si
661 3158 816 3229 sinerent
832 3165 868 3229 te
886 3166 947 3229 tua
965 3157 1036 3228 fata
1054 3159 1152 3230 mori.
1175 3199 1226 3212 --

220 3356 357 3426 11215.
378 3393 430 3404 —
449 3353 547 3444 Quod
564 3353 667 3444 petiit
685 3355 767 3425 tulit
785 3353 857 3442 ille,
878 3353 942 3421 tibi
962 3362 1000 3422 ut
1019 3372 1081 3422 sua
1100 3350 1190 3422 facta
1208 3353 1401 3443 placerent:

429 3477 626 3567 Magnaque
644 3477 805 3548 laudatus
824 3477 976 3565 praemia
996 3476 1118 3547 mortis
1136 3476 1243 3548 babet
1255 3502 1319 3566 —3

219 3687 1482 3780 etHoratiuscumC.I,24,9.dicit:Multisillebonusiiebilisoccidit-.

220 3919 378 4009 Itemque
388 3919 488 3990 liberi
499 3919 703 4009 omninoque
714 3919 900 4009 propinqui
915 3917 1118 4008 superstites
1133 3926 1173 3989 ut
1190 3939 1351 4008 magnum
1364 3920 1485 3991 mortis

221 4051 459 4113 ornamentum
487 4056 724 4114 memorantur
752 4063 772 4114 a
797 4045 920 4115 Tacito
944 4042 1096 4131 Agricol.
1118 4049 1180 4114 44.
1204 4083 1249 4097 -
1271 4043 1360 4115 Filia
1382 4048 1485 4133 atque

221 4187 326 4236 uxore
344 4167 592 4255 superstitibus
611 4174 726 4257 potest
743 4167 853 4238 videri
871 4167 974 4236 etiam
989 4166 1111 4238 beatus
1127 4168 1289 4241 incolumi
1304 4168 1486 4256 dignitate,
1624 4147 1629 4156 ’

221 4286 365 4360 florente
388 4287 489 4380 fama,
515 4291 619 4362 salvis
638 4289 875 4361 adfinitatibus
901 4293 937 4358 et
959 4289 1077 4360 amicis
1101 4291 1221 4363 futura
1244 4290 1401 4382 effugisse
1422 4330 1484 4380 -,

224 4419 260 4482 et
283 4433 304 4482 a
325 4409 436 4485 Plinio
459 4413 575 4506 Epi,
599 4418 658 4502 12,
687 4414 747 4485 ubi
774 4414 817 4486 de
843 4411 992 4486 Corellio
1016 4411 1106 4485 Rufo
1129 4414 1297 4506 loquitur:
1327 4415 1487 4488 Decessit

224 4538 468 4627 superstitibus
487 4541 571 4629 suis,
590 4539 734 4612 florente
752 4539 931 4628 republica
949 4573 999 4590 -
1018 4545 1055 4609 et
1076 4539 1141 4610 hoc
1160 4540 1243 4610 scio.
1273 4540 1349 4628 Ego
1369 4543 1484 4609 tamen

223 4659 331 4734 doleo.
358 4704 400 4714 —
424 4660 595 4750 Quantum
623 4670 739 4736 autem
762 4663 805 4735 ad
828 4663 1031 4737 feminarum
1055 4661 1256 4734 felicitatem
1279 4662 1400 4734 mortis
1422 4661 1484 4734 ho·

224 4787 368 4865 neribus
394 4787 665 4877 propinquorum
699 4789 865 4860 tributum
899 4789 960 4878 sit,
994 4787 1140 4859 maxime
1169 4787 1323 4859 cernitur
1356 4807 1398 4858 ex
1430 4786 1485 4877 iis,
