3600 5594
746 447 952 516 -59-

374 657 422 730 Ut
442 657 547 728 rediit
564 658 709 747 animuS,
728 657 861 746 pariter
880 657 1012 728 rediere
1031 657 1183 741 dolores3

426 782 573 854 Pectora
591 783 765 872 legitimus
785 788 880 854 casta
898 781 1084 854 momordit
1101 801 1211 852 amor.

373 905 447 978 Nee
466 902 548 978 mihi
567 906 754 996 pectendos
773 926 856 978 cura
875 913 928 976 est
946 905 1112 994 praebere
1131 905 1293 994 capillos:

428 1008 500 1101 Nec
520 1030 606 1101 libet
624 1037 745 1101 aurata
765 1051 910 1118 corpora
930 1037 1025 1100 veste
1044 1030 1116 1119 tegi
1136 1069 1185 1080 -

286 1174 347 1242 35.
377 1170 595 1242 Conveniunt
615 1178 744 1242 matres
763 1171 989 1262 Phylaceides
1010 1170 1147 1242 etmihi
1166 1171 1333 1242 clamant:

427 1295 536 1366 lndue
556 1296 702 1385 regulae,
723 1294 921 1382 Laodamia,
942 1296 1048 1366 sinus.

376 1417 516 1490 Scilicet
533 1420 608 1508 ipsa
627 1439 743 1506 geram
763 1427 937 1490 saturatas
956 1420 1087 1490 murice
1108 1425 1232 1506 vestes,

396 1561 400 1570 ·
429 1543 527 1612 Bella
547 1543 611 1612 sub
630 1543 746 1614 Iliacis
765 1543 946 1614 moenibus
966 1543 1023 1613 ille
1042 1544 1192 1634 gerare.

376 1685 456 1773 lpse
475 1705 588 1755 comas
608 1694 745 1773 pectar:
766 1685 866 1774 galea
885 1692 987 1774 caput
1006 1684 1062 1755 ille
1081 1684 1285 1774 prematur?

430 1809 508 1897 lpse
527 1829 633 1878 novas
652 1815 785 1879 vestes:
808 1809 895 1880 dura
915 1810 967 1878 vir
986 1830 1081 1878 arma
1099 1807 1211 1879 ferat?

376 1929 450 2020 Quo
469 1952 608 2021 possum
627 1931 786 2022 squalore
804 1938 884 2004 tuos
904 1933 1038 2004 imitata
1055 1932 1192 2004 labores

426 2055 551 2126 Dicar:
573 2063 608 2125 et
626 2056 710 2126 haec
729 2056 809 2126 belli
828 2063 984 2146 tempora
1003 2057 1115 2126 tristis
1134 2075 1244 2146 agam.

296 2263 448 2354 Quarta
467 2267 501 2335 in
521 2267 631 2354 elegia
650 2267 771 2337 haeret
789 2267 1060 2338 Luettiohannes
1079 2266 1114 2338 in
1133 2287 1201 2337 vss.
1224 2271 1284 2336 27.
1296 2287 1332 2336 s.

375 2463 537 2568 Dumque
557 2477 651 2548 subit
671 2479 779 2566 primo
801 2478 973 2567 Capitolia
992 2478 1109 2548 nubila
1127 2476 1220 2547 furno

430 2600 579 2672 Rettulit
597 2601 743 2672 hirsutis
762 2601 904 2672 brachia
923 2609 1018 2672 secta
1036 2601 1145 2672 rubis.
1160 2639 1205 2654 -·-

200 2811 340 2912 deque
359 2813 448 2882 enim
470 2833 543 2901 que
567 2813 830 2902 particulatam
856 2811 1027 2882 diversam
1051 2833 1122 2882 rem
1148 2812 1191 2883 ad
1215 2833 1253 2882 ea
1281 2831 1367 2902 quae
1389 2810 1487 2900 prius

223 2943 405 3006 narrentur
427 2956 526 3024 posse
545 2935 642 3024 addi,
663 2956 725 3006 nec
747 2935 832 3007 satis
852 2935 1019 3026 intelligi,
1044 2939 1101 3024 qui
1119 2936 1266 3028 Tarpeia
1284 2936 1356 3006 sive
1376 2955 1487 3023 aquae

220 3060 388 3148 petendae
406 3060 478 3130 sive
497 3060 667 3130 lustrandi
687 3081 792 3130 cansa
809 3081 920 3147 mane,
942 3067 981 3130 ut
999 3061 1106 3130 moris
1125 3058 1242 3148 luerit,
1259 3079 1401 3148 egressa
1428 3068 1488 3128 aut

220 3185 256 3253 in
271 3183 376 3255 rubos
391 3184 554 3254 inciderit
572 3191 643 3270 aut,
664 3205 741 3254 cum
760 3184 894 3272 vesperi
913 3184 1051 3255 domurn
1066 3185 1200 3254 redisse
1215 3183 1361 3271 dicatur,
1377 3189 1487 3252 totum

220 3306 428 3380 insontibus
448 3309 538 3378 diem
559 3307 823 3396 consumpserit.
840 3305 928 3377 Nam
948 3308 1091 3378 lustrari
1105 3309 1261 3395 potuisse
1280 3306 1487 3377 brevissimo

220 3439 393 3520 ternpore:
419 3431 548 3505 Vestae
572 3431 697 3504 afferre
726 3452 850 3520 aquam
876 3431 1050 3503 debuisse.
1075 3432 1263 3502 Praeterea
1282 3431 1385 3502 etiam
1405 3451 1487 3520 que·

219 3555 308 3626 relas
323 3556 409 3647 eins,
430 3577 517 3646 quae
536 3563 728 3646 sequuntur
747 3577 768 3626 a
787 3575 835 3626 vs.
859 3557 933 3644 31,
954 3562 1052 3626 certa
1067 3555 1214 3644 quadam
1229 3577 1268 3626 re
1285 3564 1406 3644 motas,
1422 3575 1488 3625 non

222 3687 351 3752 temere
380 3679 507 3752 effundi
534 3680 658 3752 videri.
697 3680 868 3767 Quocirca
897 3687 976 3752 ante
1003 3701 1052 3750 vs.
1083 3681 1143 3750 27.
1164 3680 1286 3750 statuit
1309 3675 1489 3749 nonnullos

222 3824 341 3875 versus
359 3803 538 3891 excidisse,
559 3806 685 3894 quibus
703 3811 908 3876 narraretur
927 3803 1110 3893 Tarpeiam
1124 3800 1179 3874 die
1199 3803 1346 3893 quodam
1366 3803 1400 3872 in
1420 3803 1491 3891 pla-

220 3927 337 3998 nitiem
358 3928 558 4018 degressum
577 3927 677 4000 Tatio
696 3934 926 4018 persequente
946 3927 1133 4017 aufugisse,
1154 3929 1296 4017 eiusque
1317 3927 1490 3998 narratio·

221 4051 274 4122 nis
293 4060 466 4123 extremos
486 4050 591 4124 fuisse
611 4073 731 4124 versus
752 4056 812 4123 71.
835 4059 869 4123 et
890 4055 950 4122 72.

378 4263 444 4334 Illa
463 4263 534 4334 ruit
553 4263 663 4353 qualis
684 4264 832 4334 celerem
851 4282 959 4351 prope
979 4263 1237 4333 Thermodonta

436 4385 628 4478 Strymonis
649 4388 803 4459 abscisso
823 4386 936 4457 fertur
956 4395 1075 4476 aperta
1095 4388 1183 4474 sinu,
1207 4427 1252 4438 -
1270 4387 1314 4475 (ἢ

221 4573 538 4587 a-n———ntn———u—-n

276 4697 311 4766 (*)
325 4697 382 4751 Nos
397 4713 457 4751 eam
472 4713 568 4754 versus
582 4698 696 4753 formam
711 4699 883 4766 protulimus,
903 4714 973 4766 quae
992 4705 1020 4752 et
1038 4699 1067 4751 in
1083 4697 1221 4752 codicibus
1236 4706 1278 4752 eat
1293 4705 1320 4752 et
1336 4699 1415 4754 nubis
1428 4715 1491 4768 pro-

223 4783 310 4839 batur.
333 4785 372 4838 At
395 4786 613 4842 Luettiohannes
637 4787 756 4841 mavult:
785 4786 935 4857 Strymonis
958 4787 1118 4842 abscissum
1142 4786 1232 4842 fertur
1255 4795 1355 4857 aperta
1377 4789 1491 4843 sinum·
