<?xml version="1.0" encoding="UTF-8"?>
<!DOCTYPE html PUBLIC "-//W3C//DTD XHTML 1.0 Transitional//EN"
    "http://www.w3.org/TR/xhtml1/DTD/xhtml1-transitional.dtd">
<html xmlns="http://www.w3.org/1999/xhtml" xml:lang="en" lang="en">
 <head>
  <title>
</title>
<meta http-equiv="Content-Type" content="text/html;charset=utf-8" />
  <meta name='ocr-system' content='tesseract 3.04.00' />
  <meta name='ocr-capabilities' content='ocr_page ocr_carea ocr_par ocr_line ocrx_word'/>
</head>
<body>
  <div class='ocr_page' id='page_1' title='image "./dequartopropert00voiggoog_0059.png"; bbox 0 0 3600 5594; ppageno 0'>
   <div class='ocr_carea' id='block_1_1' title="bbox 877 506 1084 609">
    <p class='ocr_par' dir='ltr' id='par_1_1' title="bbox 877 506 1084 609">
     <span class='ocr_line' id='line_1_1' title="bbox 877 506 1084 609; baseline 0 -54"><span class='ocrx_word' id='word_1_1' title='bbox 877 506 1084 609; x_wconf 64' lang='lat'>..52-</span> 
     </span>
    </p>
   </div>
   <div class='ocr_carea' id='block_1_2' title="bbox 349 693 1615 930">
    <p class='ocr_par' dir='ltr' id='par_1_2' title="bbox 349 693 1615 930">
     <span class='ocr_line' id='line_1_2' title="bbox 350 693 1615 807; baseline 0 -22"><span class='ocrx_word' id='word_1_2' title='bbox 350 724 472 806; x_wconf 86' lang='lat' dir='ltr'><strong>strum,</strong></span> <span class='ocrx_word' id='word_1_3' title='bbox 490 737 602 805; x_wconf 90' lang='lat' dir='ltr'><strong>neque</strong></span> <span class='ocrx_word' id='word_1_4' title='bbox 621 718 655 786; x_wconf 93' lang='lat' dir='ltr'><strong>in</strong></span> <span class='ocrx_word' id='word_1_5' title='bbox 674 715 717 786; x_wconf 91' lang='lat' dir='ltr'><strong>iis</strong></span> <span class='ocrx_word' id='word_1_6' title='bbox 736 715 887 805; x_wconf 78' lang='lat' dir='ltr'>antiquis</span> <span class='ocrx_word' id='word_1_7' title='bbox 905 717 1028 806; x_wconf 86' lang='lat' dir='ltr'><strong>hamis,</strong></span> <span class='ocrx_word' id='word_1_8' title='bbox 1046 717 1106 804; x_wconf 91' lang='lat' dir='ltr'><strong>qui</strong></span> <span class='ocrx_word' id='word_1_9' title='bbox 1122 716 1288 807; x_wconf 88' lang='lat' dir='ltr'><strong>usquead</strong></span> <span class='ocrx_word' id='word_1_10' title='bbox 1307 693 1375 786; x_wconf 85' lang='lat' dir='ltr'><strong>boo</strong></span> <span class='ocrx_word' id='word_1_11' title='bbox 1391 722 1526 806; x_wconf 89' lang='lat' dir='ltr'><strong>tempus</strong></span> <span class='ocrx_word' id='word_1_12' title='bbox 1541 734 1615 786; x_wconf 88' lang='lat' dir='ltr'><strong>ser·</strong></span> 
     </span>
     <span class='ocr_line' id='line_1_3' title="bbox 349 839 1614 930; baseline 0 -20"><span class='ocrx_word' id='word_1_13' title='bbox 349 840 420 910; x_wconf 86' lang='lat' dir='ltr'><strong>vati</strong></span> <span class='ocrx_word' id='word_1_14' title='bbox 446 849 527 911; x_wconf 92' lang='lat' dir='ltr'><strong>sunt</strong></span> <span class='ocrx_word' id='word_1_15' title='bbox 550 841 717 929; x_wconf 88' lang='lat' dir='ltr'><strong>reperias,</strong></span> <span class='ocrx_word' id='word_1_16' title='bbox 742 841 777 909; x_wconf 94' lang='lat' dir='ltr'><strong>in</strong></span> <span class='ocrx_word' id='word_1_17' title='bbox 802 861 904 929; x_wconf 87' lang='lat' dir='ltr'><strong>quam</strong></span> <span class='ocrx_word' id='word_1_18' title='bbox 928 840 1086 929; x_wconf 86' lang='lat' dir='ltr'><strong>quodque</strong></span> <span class='ocrx_word' id='word_1_19' title='bbox 1110 849 1244 930; x_wconf 89' lang='lat' dir='ltr'><strong>partem</strong></span> <span class='ocrx_word' id='word_1_20' title='bbox 1266 861 1387 911; x_wconf 90' lang='lat' dir='ltr'><strong>nomen</strong></span> <span class='ocrx_word' id='word_1_21' title='bbox 1413 839 1614 925; x_wconf 82' lang='lat' dir='ltr'><strong>conveniat3</strong></span> 
     </span>
    </p>
   </div>
   <div class='ocr_carea' id='block_1_3' title="bbox 224 960 1613 1176">
    <p class='ocr_par' dir='ltr' id='par_1_3' title="bbox 224 960 1613 1176">
     <span class='ocr_line' id='line_1_4' title="bbox 224 960 1613 1072; baseline -0.002 -39"><span class='ocrx_word' id='word_1_22' title='bbox 224 1069 226 1072; x_wconf 15' lang='grc' dir='ltr'>Ι</span> <span class='ocrx_word' id='word_1_23' title='bbox 349 963 472 1034; x_wconf 88' lang='lat' dir='ltr'><strong>deinde</strong></span> <span class='ocrx_word' id='word_1_24' title='bbox 491 984 578 1034; x_wconf 88' lang='lat' dir='ltr'><strong>vero·</strong></span> <span class='ocrx_word' id='word_1_25' title='bbox 594 960 772 1034; x_wconf 82' lang='lat' dir='ltr'><strong>confertur</strong></span> <span class='ocrx_word' id='word_1_26' title='bbox 791 963 930 1053; x_wconf 90' lang='lat' dir='ltr'><strong>quidem</strong></span> <span class='ocrx_word' id='word_1_27' title='bbox 948 983 1044 1034; x_wconf 90' lang='lat' dir='ltr'><strong>amor</strong></span> <span class='ocrx_word' id='word_1_28' title='bbox 1063 985 1140 1035; x_wconf 89' lang='lat' dir='ltr'><strong>cum</strong></span> <span class='ocrx_word' id='word_1_29' title='bbox 1159 965 1307 1054; x_wconf 88' lang='lat' dir='ltr'><strong>piscatu,</strong></span> <span class='ocrx_word' id='word_1_30' title='bbox 1326 970 1365 1034; x_wconf 87' lang='lat' dir='ltr'><strong>ut</strong></span> <span class='ocrx_word' id='word_1_31' title='bbox 1384 962 1485 1035; x_wconf 90' lang='lat' dir='ltr'><strong>Ovid.</strong></span> <span class='ocrx_word' id='word_1_32' title='bbox 1507 965 1548 1033; x_wconf 90' lang='lat' dir='ltr'><strong>A.</strong></span> <span class='ocrx_word' id='word_1_33' title='bbox 1569 963 1613 1032; x_wconf 87' lang='lat' dir='ltr'><strong>A.</strong></span> 
     </span>
     <span class='ocr_line' id='line_1_5' title="bbox 349 1085 571 1176; baseline 0.005 -22"><span class='ocrx_word' id='word_1_34' title='bbox 349 1085 413 1176; x_wconf 78' lang='grc' dir='ltr'><strong>ΙΙΙ,</strong></span> <span class='ocrx_word' id='word_1_35' title='bbox 436 1090 523 1158; x_wconf 82' lang='grc'><strong>425.</strong></span> <span class='ocrx_word' id='word_1_36' title='bbox 545 1109 571 1157; x_wconf 91' lang='lat' dir='ltr'><strong>s.</strong></span> 
     </span>
    </p>
   </div>
   <div class='ocr_carea' id='block_1_4' title="bbox 456 1298 1406 1513">
    <p class='ocr_par' dir='ltr' id='par_1_4' title="bbox 456 1298 1406 1513">
     <span class='ocr_line' id='line_1_6' title="bbox 456 1298 1406 1390; baseline -0.001 -20"><span class='ocrx_word' id='word_1_37' title='bbox 456 1299 565 1370; x_wconf 87' lang='lat' dir='ltr'><strong>Casus</strong></span> <span class='ocrx_word' id='word_1_38' title='bbox 586 1299 715 1389; x_wconf 90' lang='lat' dir='ltr'><strong>ubique</strong></span> <span class='ocrx_word' id='word_1_39' title='bbox 735 1298 845 1370; x_wconf 90' lang='lat' dir='ltr'><strong>valet:</strong></span> <span class='ocrx_word' id='word_1_40' title='bbox 867 1319 1007 1388; x_wconf 86' lang='lat' dir='ltr'><strong>semper</strong></span> <span class='ocrx_word' id='word_1_41' title='bbox 1024 1299 1091 1372; x_wconf 88' lang='lat' dir='ltr'><strong>tibi</strong></span> <span class='ocrx_word' id='word_1_42' title='bbox 1108 1300 1256 1390; x_wconf 82' lang='lat' dir='ltr'>pendeat</span> <span class='ocrx_word' id='word_1_43' title='bbox 1273 1301 1406 1372; x_wconf 88' lang='lat' dir='ltr'><strong>hamus.</strong></span> 
     </span>
     <span class='ocr_line' id='line_1_7' title="bbox 508 1421 1321 1513; baseline 0.004 -22"><span class='ocrx_word' id='word_1_44' title='bbox 508 1421 583 1509; x_wconf 77' lang='lat' dir='ltr'><strong>Quo</strong></span> <span class='ocrx_word' id='word_1_45' title='bbox 602 1424 741 1494; x_wconf 90' lang='lat' dir='ltr'><strong>minime</strong></span> <span class='ocrx_word' id='word_1_46' title='bbox 761 1425 882 1495; x_wconf 86' lang='lat' dir='ltr'><strong>credas</strong></span> <span class='ocrx_word' id='word_1_47' title='bbox 901 1425 1040 1513; x_wconf 79' lang='lat' dir='ltr'><strong>gurgite</strong></span> <span class='ocrx_word' id='word_1_48' title='bbox 1058 1425 1164 1513; x_wconf 87' lang='lat' dir='ltr'><strong>piscis</strong></span> <span class='ocrx_word' id='word_1_49' title='bbox 1184 1425 1251 1496; x_wconf 89' lang='lat' dir='ltr'><strong>erit</strong></span> <span class='ocrx_word' id='word_1_50' title='bbox 1270 1463 1321 1476; x_wconf 89' lang='lat'>-</span> 
     </span>
    </p>
   </div>
   <div class='ocr_carea' id='block_1_5' title="bbox 335 1633 1693 4446">
    <p class='ocr_par' dir='ltr' id='par_1_5' title="bbox 335 1633 1693 4446">
     <span class='ocr_line' id='line_1_8' title="bbox 348 1633 1612 1726; baseline -0.001 -21"><span class='ocrx_word' id='word_1_51' title='bbox 348 1641 384 1705; x_wconf 91' lang='lat' dir='ltr'><strong>at</strong></span> <span class='ocrx_word' id='word_1_52' title='bbox 411 1637 520 1706; x_wconf 91' lang='lat' dir='ltr'><strong>multo</strong></span> <span class='ocrx_word' id='word_1_53' title='bbox 550 1637 686 1724; x_wconf 88' lang='lat' dir='ltr'><strong>saepius</strong></span> <span class='ocrx_word' id='word_1_54' title='bbox 715 1638 774 1726; x_wconf 91' lang='lat' dir='ltr'><strong>qui</strong></span> <span class='ocrx_word' id='word_1_55' title='bbox 802 1643 919 1708; x_wconf 89' lang='lat' dir='ltr'><strong>amant</strong></span> <span class='ocrx_word' id='word_1_56' title='bbox 946 1643 1006 1707; x_wconf 90' lang='lat' dir='ltr'><strong>aut</strong></span> <span class='ocrx_word' id='word_1_57' title='bbox 1034 1637 1170 1725; x_wconf 83' lang='lat' dir='ltr'><strong>sagittis</strong></span> <span class='ocrx_word' id='word_1_58' title='bbox 1198 1635 1352 1706; x_wconf 84' lang='lat' dir='ltr'><strong>transfixi</strong></span> <span class='ocrx_word' id='word_1_59' title='bbox 1378 1641 1439 1705; x_wconf 89' lang='lat' dir='ltr'><strong>ant</strong></span> <span class='ocrx_word' id='word_1_60' title='bbox 1462 1633 1612 1705; x_wconf 79' lang='lat' dir='ltr'><strong>ferarum</strong></span> 
     </span>
     <span class='ocr_line' id='line_1_9' title="bbox 346 1758 1614 1851; baseline 0 -24"><span class='ocrx_word' id='word_1_61' title='bbox 346 1762 456 1830; x_wconf 88' lang='lat' dir='ltr'><strong>instar</strong></span> <span class='ocrx_word' id='word_1_62' title='bbox 474 1761 608 1848; x_wconf 86' lang='lat' dir='ltr'><strong>laqueis</strong></span> <span class='ocrx_word' id='word_1_63' title='bbox 627 1760 778 1849; x_wconf 89' lang='lat' dir='ltr'><strong>plagisve</strong></span> <span class='ocrx_word' id='word_1_64' title='bbox 799 1761 877 1851; x_wconf 89' lang='lat' dir='ltr'><strong>capi</strong></span> <span class='ocrx_word' id='word_1_65' title='bbox 909 1761 1085 1849; x_wconf 88' lang='lat' dir='ltr'><strong>dicuntur,</strong></span> <span class='ocrx_word' id='word_1_66' title='bbox 1110 1766 1171 1830; x_wconf 91' lang='lat' dir='ltr'><strong>aut</strong></span> <span class='ocrx_word' id='word_1_67' title='bbox 1193 1758 1328 1831; x_wconf 88' lang='lat' dir='ltr'><strong>facibus</strong></span> <span class='ocrx_word' id='word_1_68' title='bbox 1347 1758 1483 1830; x_wconf 86' lang='lat' dir='ltr'><strong>Amoris</strong></span> <span class='ocrx_word' id='word_1_69' title='bbox 1502 1759 1558 1828; x_wconf 91' lang='lat' dir='ltr'><strong>uri</strong></span> <span class='ocrx_word' id='word_1_70' title='bbox 1577 1769 1614 1828; x_wconf 86' lang='lat' dir='ltr'><strong>et</strong></span> 
     </span>
     <span class='ocr_line' id='line_1_10' title="bbox 346 1883 1612 1974; baseline -0.002 -22"><span class='ocrx_word' id='word_1_71' title='bbox 346 1885 502 1972; x_wconf 83' lang='lat' dir='ltr'><strong>torqueri</strong></span> <span class='ocrx_word' id='word_1_72' title='bbox 526 1891 587 1954; x_wconf 88' lang='lat' dir='ltr'><strong>aut</strong></span> <span class='ocrx_word' id='word_1_73' title='bbox 610 1884 757 1954; x_wconf 89' lang='lat' dir='ltr'><strong>vinculis</strong></span> <span class='ocrx_word' id='word_1_74' title='bbox 786 1884 839 1954; x_wconf 90' lang='lat' dir='ltr'><strong>vel</strong></span> <span class='ocrx_word' id='word_1_75' title='bbox 868 1886 999 1954; x_wconf 90' lang='lat' dir='ltr'><strong>catenis</strong></span> <span class='ocrx_word' id='word_1_76' title='bbox 1027 1885 1142 1955; x_wconf 90' lang='lat' dir='ltr'><strong>teneri</strong></span> <span class='ocrx_word' id='word_1_77' title='bbox 1169 1892 1231 1954; x_wconf 89' lang='lat' dir='ltr'><strong>aut</strong></span> <span class='ocrx_word' id='word_1_78' title='bbox 1258 1883 1384 1974; x_wconf 89' lang='lat' dir='ltr'><strong>captivi</strong></span> <span class='ocrx_word' id='word_1_79' title='bbox 1411 1883 1446 1952; x_wconf 96' lang='lat' dir='ltr'><strong>in</strong></span> <span class='ocrx_word' id='word_1_80' title='bbox 1473 1883 1612 1952; x_wconf 89' lang='lat' dir='ltr'><strong>Amoris</strong></span> 
     </span>
     <span class='ocr_line' id='line_1_11' title="bbox 346 2005 1611 2099; baseline -0.002 -23"><span class='ocrx_word' id='word_1_81' title='bbox 346 2009 522 2098; x_wconf 89' lang='lat' dir='ltr'><strong>triumpho</strong></span> <span class='ocrx_word' id='word_1_82' title='bbox 546 2009 624 2079; x_wconf 89' lang='lat' dir='ltr'><strong>duci</strong></span> <span class='ocrx_word' id='word_1_83' title='bbox 644 2016 705 2078; x_wconf 87' lang='lat' dir='ltr'><strong>aut</strong></span> <span class='ocrx_word' id='word_1_84' title='bbox 726 2010 843 2099; x_wconf 92' lang='lat' dir='ltr'><strong>iugum</strong></span> <span class='ocrx_word' id='word_1_85' title='bbox 866 2008 959 2079; x_wconf 87' lang='lat' dir='ltr'><strong>ferre</strong></span> <span class='ocrx_word' id='word_1_86' title='bbox 978 2018 1039 2079; x_wconf 92' lang='lat' dir='ltr'><strong>aut</strong></span> <span class='ocrx_word' id='word_1_87' title='bbox 1055 2009 1202 2079; x_wconf 87' lang='lat' dir='ltr'><strong>militare</strong></span> <span class='ocrx_word' id='word_1_88' title='bbox 1230 2015 1266 2078; x_wconf 91' lang='lat' dir='ltr'><strong>et</strong></span> <span class='ocrx_word' id='word_1_89' title='bbox 1283 2008 1381 2097; x_wconf 89' lang='lat' dir='ltr'><strong>signa</strong></span> <span class='ocrx_word' id='word_1_90' title='bbox 1400 2005 1538 2078; x_wconf 85' lang='lat' dir='ltr'><strong>Amoris</strong></span> <span class='ocrx_word' id='word_1_91' title='bbox 1558 2025 1611 2074; x_wconf 90' lang='lat' dir='ltr'><strong>se·</strong></span> 
     </span>
     <span class='ocr_line' id='line_1_12' title="bbox 347 2129 1611 2222; baseline -0.003 -22"><span class='ocrx_word' id='word_1_92' title='bbox 347 2133 405 2222; x_wconf 92' lang='lat' dir='ltr'><strong>qui</strong></span> <span class='ocrx_word' id='word_1_93' title='bbox 424 2131 538 2202; x_wconf 91' lang='lat' dir='ltr'><strong>autin</strong></span> <span class='ocrx_word' id='word_1_94' title='bbox 557 2134 644 2202; x_wconf 91' lang='lat' dir='ltr'><strong>mari</strong></span> <span class='ocrx_word' id='word_1_95' title='bbox 663 2133 786 2203; x_wconf 87' lang='lat' dir='ltr'><strong>iactari</strong></span> <span class='ocrx_word' id='word_1_96' title='bbox 809 2140 871 2202; x_wconf 87' lang='lat' dir='ltr'><strong>aut</strong></span> <span class='ocrx_word' id='word_1_97' title='bbox 889 2133 1020 2202; x_wconf 87' lang='lat' dir='ltr'><strong>servire</strong></span> <span class='ocrx_word' id='word_1_98' title='bbox 1048 2141 1108 2202; x_wconf 89' lang='lat' dir='ltr'><strong>aut</strong></span> <span class='ocrx_word' id='word_1_99' title='bbox 1127 2138 1306 2220; x_wconf 83' lang='lat' dir='ltr'><strong>aegrotare</strong></span> <span class='ocrx_word' id='word_1_100' title='bbox 1326 2130 1381 2201; x_wconf 91' lang='lat' dir='ltr'><strong>vel</strong></span> <span class='ocrx_word' id='word_1_101' title='bbox 1399 2130 1526 2200; x_wconf 82' lang='lat' dir='ltr'><strong>furere.</strong></span> <span class='ocrx_word' id='word_1_102' title='bbox 1556 2129 1611 2198; x_wconf 86' lang='lat' dir='ltr'><strong>Ex</strong></span> 
     </span>
     <span class='ocr_line' id='line_1_13' title="bbox 345 2255 1612 2346; baseline -0.003 -20"><span class='ocrx_word' id='word_1_103' title='bbox 345 2255 399 2326; x_wconf 90' lang='lat' dir='ltr'><strong>his</strong></span> <span class='ocrx_word' id='word_1_104' title='bbox 426 2255 534 2344; x_wconf 88' lang='lat' dir='ltr'><strong>igitur</strong></span> <span class='ocrx_word' id='word_1_105' title='bbox 557 2256 688 2346; x_wconf 88' lang='lat' dir='ltr'><strong>aliquid</strong></span> <span class='ocrx_word' id='word_1_106' title='bbox 716 2256 920 2327; x_wconf 90' lang='lat' dir='ltr'><strong>sumendum</strong></span> <span class='ocrx_word' id='word_1_107' title='bbox 949 2257 1028 2344; x_wconf 89' lang='lat' dir='ltr'><strong>erit,</strong></span> <span class='ocrx_word' id='word_1_108' title='bbox 1057 2257 1182 2346; x_wconf 89' lang='lat' dir='ltr'><strong>inquo</strong></span> <span class='ocrx_word' id='word_1_109' title='bbox 1212 2263 1247 2327; x_wconf 92' lang='lat' dir='ltr'><strong>et</strong></span> <span class='ocrx_word' id='word_1_110' title='bbox 1270 2264 1424 2326; x_wconf 93' lang='lat' dir='ltr'><strong>mentum</strong></span> <span class='ocrx_word' id='word_1_111' title='bbox 1449 2263 1484 2324; x_wconf 88' lang='lat' dir='ltr'><strong>et</strong></span> <span class='ocrx_word' id='word_1_112' title='bbox 1503 2273 1612 2323; x_wconf 90' lang='lat' dir='ltr'><strong>uncus</strong></span> 
     </span>
     <span class='ocr_line' id='line_1_14' title="bbox 346 2375 1611 2469; baseline -0.002 -19"><span class='ocrx_word' id='word_1_113' title='bbox 346 2401 424 2450; x_wconf 94' lang='lat' dir='ltr'><strong>cum</strong></span> <span class='ocrx_word' id='word_1_114' title='bbox 443 2401 527 2450; x_wconf 87' lang='lat' dir='ltr'><strong>ansa</strong></span> <span class='ocrx_word' id='word_1_115' title='bbox 546 2387 580 2450; x_wconf 88' lang='lat' dir='ltr'><strong>et</strong></span> <span class='ocrx_word' id='word_1_116' title='bbox 599 2385 712 2450; x_wconf 90' lang='lat' dir='ltr'><strong>rostro</strong></span> <span class='ocrx_word' id='word_1_117' title='bbox 732 2379 866 2450; x_wconf 86' lang='lat' dir='ltr'><strong>facilem</strong></span> <span class='ocrx_word' id='word_1_118' title='bbox 886 2379 1148 2469; x_wconf 74' lang='lat' dir='ltr'><strong>euphrationem</strong></span> <span class='ocrx_word' id='word_1_119' title='bbox 1167 2379 1305 2450; x_wconf 88' lang='lat' dir='ltr'><strong>habeat.</strong></span> <span class='ocrx_word' id='word_1_120' title='bbox 1323 2377 1391 2450; x_wconf 87' lang='lat' dir='ltr'><strong>Sed</strong></span> <span class='ocrx_word' id='word_1_121' title='bbox 1406 2375 1487 2466; x_wconf 91' lang='lat' dir='ltr'><strong>quid</strong></span> <span class='ocrx_word' id='word_1_122' title='bbox 1502 2377 1611 2466; x_wconf 92' lang='lat' dir='ltr'><strong>potis-</strong></span> 
     </span>
     <span class='ocr_line' id='line_1_15' title="bbox 346 2502 1611 2594; baseline -0.002 -20"><span class='ocrx_word' id='word_1_123' title='bbox 346 2505 483 2594; x_wconf 84' lang='lat' dir='ltr'><strong>simum,</strong></span> <span class='ocrx_word' id='word_1_124' title='bbox 512 2524 578 2573; x_wconf 89' lang='lat' dir='ltr'><strong>nou</strong></span> <span class='ocrx_word' id='word_1_125' title='bbox 599 2503 699 2574; x_wconf 88' lang='lat' dir='ltr'><strong>facile</strong></span> <span class='ocrx_word' id='word_1_126' title='bbox 719 2511 771 2574; x_wconf 90' lang='lat' dir='ltr'><strong>est</strong></span> <span class='ocrx_word' id='word_1_127' title='bbox 790 2504 896 2582; x_wconf 90' lang='lat' dir='ltr'><strong>dictu,</strong></span> <span class='ocrx_word' id='word_1_128' title='bbox 926 2525 1004 2574; x_wconf 90' lang='lat' dir='ltr'><strong>curu</strong></span> <span class='ocrx_word' id='word_1_129' title='bbox 1023 2524 1088 2574; x_wconf 89' lang='lat' dir='ltr'><strong>neo</strong></span> <span class='ocrx_word' id='word_1_130' title='bbox 1106 2502 1204 2572; x_wconf 87' lang='lat' dir='ltr'><strong>frena</strong></span> <span class='ocrx_word' id='word_1_131' title='bbox 1222 2523 1284 2573; x_wconf 91' lang='lat' dir='ltr'><strong>nec</strong></span> <span class='ocrx_word' id='word_1_132' title='bbox 1304 2504 1386 2590; x_wconf 88' lang='lat' dir='ltr'><strong>iuga</strong></span> <span class='ocrx_word' id='word_1_133' title='bbox 1400 2522 1462 2572; x_wconf 92' lang='lat' dir='ltr'><strong>neo</strong></span> <span class='ocrx_word' id='word_1_134' title='bbox 1477 2502 1611 2572; x_wconf 89' lang='lat' dir='ltr'><strong>vincula</strong></span> 
     </span>
     <span class='ocr_line' id='line_1_16' title="bbox 346 2623 1607 2717; baseline -0.002 -21"><span class='ocrx_word' id='word_1_135' title='bbox 346 2648 458 2716; x_wconf 91' lang='lat' dir='ltr'><strong>neque</strong></span> <span class='ocrx_word' id='word_1_136' title='bbox 487 2627 690 2698; x_wconf 86' lang='lat' dir='ltr'><strong>aliamulta</strong></span> <span class='ocrx_word' id='word_1_137' title='bbox 718 2629 830 2698; x_wconf 88' lang='lat' dir='ltr'><strong>exiis</strong></span> <span class='ocrx_word' id='word_1_138' title='bbox 863 2629 946 2698; x_wconf 90' lang='lat' dir='ltr'><strong>satis</strong></span> <span class='ocrx_word' id='word_1_139' title='bbox 975 2628 1113 2717; x_wconf 83' lang='lat' dir='ltr'><strong>cognita</strong></span> <span class='ocrx_word' id='word_1_140' title='bbox 1144 2626 1342 2697; x_wconf 83' lang='lat' dir='ltr'><strong>habeamus,</strong></span> <span class='ocrx_word' id='word_1_141' title='bbox 1377 2624 1466 2696; x_wconf 86' lang='lat' dir='ltr'><strong>Gum</strong></span> <span class='ocrx_word' id='word_1_142' title='bbox 1494 2623 1607 2696; x_wconf 88' lang='lat' dir='ltr'><strong>Vitru-</strong></span> 
     </span>
     <span class='ocr_line' id='line_1_17' title="bbox 346 2749 1607 2839; baseline 0.002 -21"><span class='ocrx_word' id='word_1_143' title='bbox 346 2752 422 2820; x_wconf 91' lang='lat' dir='ltr'><strong>vius</strong></span> <span class='ocrx_word' id='word_1_144' title='bbox 442 2749 489 2838; x_wconf 91' lang='grc' dir='ltr'><strong>ΙΙ,</strong></span> <span class='ocrx_word' id='word_1_145' title='bbox 512 2754 547 2821; x_wconf 85' lang='grc'><strong>8.</strong></span> <span class='ocrx_word' id='word_1_146' title='bbox 568 2772 704 2821; x_wconf 91' lang='lat' dir='ltr'><strong>ansam</strong></span> <span class='ocrx_word' id='word_1_147' title='bbox 724 2752 767 2820; x_wconf 92' lang='lat' dir='ltr'><strong>de</strong></span> <span class='ocrx_word' id='word_1_148' title='bbox 786 2772 827 2821; x_wconf 94' lang='lat' dir='ltr'><strong>eo</strong></span> <span class='ocrx_word' id='word_1_149' title='bbox 847 2751 984 2821; x_wconf 90' lang='lat' dir='ltr'><strong>vinculo</strong></span> <span class='ocrx_word' id='word_1_150' title='bbox 1006 2753 1112 2839; x_wconf 90' lang='lat' dir='ltr'><strong>dicat,</strong></span> <span class='ocrx_word' id='word_1_151' title='bbox 1131 2771 1198 2839; x_wconf 91' lang='lat' dir='ltr'><strong>quo</strong></span> <span class='ocrx_word' id='word_1_152' title='bbox 1216 2759 1392 2820; x_wconf 89' lang='lat' dir='ltr'><strong>caementa</strong></span> <span class='ocrx_word' id='word_1_153' title='bbox 1411 2750 1607 2829; x_wconf 83' lang='lat' dir='ltr'><strong>continean-</strong></span> 
     </span>
     <span class='ocr_line' id='line_1_18' title="bbox 345 2872 1611 2963; baseline -0.002 -19"><span class='ocrx_word' id='word_1_154' title='bbox 345 2883 404 2944; x_wconf 86' lang='lat' dir='ltr'><strong>tur</strong></span> <span class='ocrx_word' id='word_1_155' title='bbox 425 2880 461 2944; x_wconf 93' lang='lat' dir='ltr'><strong>et</strong></span> <span class='ocrx_word' id='word_1_156' title='bbox 479 2894 624 2943; x_wconf 89' lang='lat' dir='ltr'><strong>uncum</strong></span> <span class='ocrx_word' id='word_1_157' title='bbox 646 2873 806 2945; x_wconf 89' lang='lat' dir='ltr'><strong>similiter</strong></span> <span class='ocrx_word' id='word_1_158' title='bbox 825 2874 893 2943; x_wconf 91' lang='lat' dir='ltr'><strong>dici</strong></span> <span class='ocrx_word' id='word_1_159' title='bbox 918 2884 1067 2962; x_wconf 85' lang='lat' dir='ltr'><strong>constet,</strong></span> <span class='ocrx_word' id='word_1_160' title='bbox 1086 2873 1233 2944; x_wconf 85' lang='lat' dir='ltr'><strong>fortasse</strong></span> <span class='ocrx_word' id='word_1_161' title='bbox 1258 2882 1399 2944; x_wconf 86' lang='lat' dir='ltr'><strong>catenae</strong></span> <span class='ocrx_word' id='word_1_162' title='bbox 1418 2872 1611 2963; x_wconf 88' lang='lat' dir='ltr'><strong>significan·</strong></span> 
     </span>
     <span class='ocr_line' id='line_1_19' title="bbox 344 2997 1610 3100; baseline 0 -33"><span class='ocrx_word' id='word_1_163' title='bbox 344 3006 403 3067; x_wconf 92' lang='lat' dir='ltr'><strong>tur</strong></span> <span class='ocrx_word' id='word_1_164' title='bbox 422 3018 510 3100; x_wconf 86' lang='lat' dir='ltr'><strong>quae</strong></span> <span class='ocrx_word' id='word_1_165' title='bbox 530 2997 727 3088; x_wconf 89' lang='lat' dir='ltr'><strong>duplicibus</strong></span> <span class='ocrx_word' id='word_1_166' title='bbox 751 2998 899 3068; x_wconf 91' lang='lat' dir='ltr'><strong>vinculis</strong></span> <span class='ocrx_word' id='word_1_167' title='bbox 918 2999 1042 3070; x_wconf 90' lang='lat' dir='ltr'><strong>collum</strong></span> <span class='ocrx_word' id='word_1_168' title='bbox 1063 2999 1209 3069; x_wconf 87' lang='lat' dir='ltr'><strong>amantis</strong></span> <span class='ocrx_word' id='word_1_169' title='bbox 1230 3004 1384 3088; x_wconf 86' lang='lat' dir='ltr'><strong>teneant,</strong></span> <span class='ocrx_word' id='word_1_170' title='bbox 1406 2998 1610 3088; x_wconf 87' lang='lat' dir='ltr'><strong>praesertim</strong></span> 
     </span>
     <span class='ocr_line' id='line_1_20' title="bbox 345 3120 1611 3213; baseline -0.001 -21"><span class='ocrx_word' id='word_1_171' title='bbox 345 3142 423 3192; x_wconf 91' lang='lat' dir='ltr'><strong>cum</strong></span> <span class='ocrx_word' id='word_1_172' title='bbox 443 3142 588 3193; x_wconf 93' lang='lat' dir='ltr'><strong>uncum</strong></span> <span class='ocrx_word' id='word_1_173' title='bbox 608 3120 652 3191; x_wconf 89' lang='lat' dir='ltr'><strong>ad</strong></span> <span class='ocrx_word' id='word_1_174' title='bbox 672 3142 817 3213; x_wconf 91' lang='lat' dir='ltr'><strong>corpora</strong></span> <span class='ocrx_word' id='word_1_175' title='bbox 844 3122 991 3192; x_wconf 89' lang='lat' dir='ltr'><strong>bumana</strong></span> <span class='ocrx_word' id='word_1_176' title='bbox 1019 3121 1172 3193; x_wconf 89' lang='lat' dir='ltr'><strong>additum</strong></span> <span class='ocrx_word' id='word_1_177' title='bbox 1204 3122 1258 3193; x_wconf 93' lang='lat' dir='ltr'><strong>vel</strong></span> <span class='ocrx_word' id='word_1_178' title='bbox 1281 3123 1384 3192; x_wconf 87' lang='lat' dir='ltr'><strong>lixum</strong></span> <span class='ocrx_word' id='word_1_179' title='bbox 1412 3123 1447 3192; x_wconf 92' lang='lat' dir='ltr'><strong>in</strong></span> <span class='ocrx_word' id='word_1_180' title='bbox 1474 3123 1517 3192; x_wconf 90' lang='lat' dir='ltr'><strong>iis</strong></span> <span class='ocrx_word' id='word_1_181' title='bbox 1536 3142 1611 3193; x_wconf 90' lang='lat' dir='ltr'><strong>esse</strong></span> 
     </span>
     <span class='ocr_line' id='line_1_21' title="bbox 343 3245 1609 3337; baseline -0.002 -21"><span class='ocrx_word' id='word_1_182' title='bbox 343 3253 511 3336; x_wconf 86' lang='lat' dir='ltr'><strong>appareat</strong></span> <span class='ocrx_word' id='word_1_183' title='bbox 529 3267 572 3316; x_wconf 88' lang='lat' dir='ltr'><strong>ex</strong></span> <span class='ocrx_word' id='word_1_184' title='bbox 594 3247 638 3315; x_wconf 91' lang='lat' dir='ltr'><strong>iis</strong></span> <span class='ocrx_word' id='word_1_185' title='bbox 665 3247 750 3317; x_wconf 88' lang='lat' dir='ltr'><strong>locis</strong></span> <span class='ocrx_word' id='word_1_186' title='bbox 779 3247 838 3335; x_wconf 90' lang='lat' dir='ltr'><strong>qui</strong></span> <span class='ocrx_word' id='word_1_187' title='bbox 866 3247 998 3337; x_wconf 86' lang='lat' dir='ltr'><strong>pridem</strong></span> <span class='ocrx_word' id='word_1_188' title='bbox 1022 3247 1119 3318; x_wconf 88' lang='lat' dir='ltr'><strong>allati</strong></span> <span class='ocrx_word' id='word_1_189' title='bbox 1142 3245 1553 3337; x_wconf 80' lang='lat' dir='ltr'><strong>suntzcic.Phil.1‚2,</strong></span> <span class='ocrx_word' id='word_1_190' title='bbox 1575 3251 1609 3315; x_wconf 84' lang='lat'><strong>5.</strong></span> 
     </span>
     <span class='ocr_line' id='line_1_22' title="bbox 343 3368 1610 3460; baseline 0 -20"><span class='ocrx_word' id='word_1_191' title='bbox 343 3369 461 3440; x_wconf 88' lang='lat' dir='ltr'><strong>Uncus</strong></span> <span class='ocrx_word' id='word_1_192' title='bbox 480 3376 534 3440; x_wconf 89' lang='lat' dir='ltr'><strong>est</strong></span> <span class='ocrx_word' id='word_1_193' title='bbox 556 3371 726 3457; x_wconf 88' lang='lat' dir='ltr'><strong>impactus</strong></span> <span class='ocrx_word' id='word_1_194' title='bbox 748 3369 895 3460; x_wconf 87' lang='lat' dir='ltr'><strong>fugitivo</strong></span> <span class='ocrx_word' id='word_1_195' title='bbox 919 3370 980 3441; x_wconf 89' lang='lat' dir='ltr'><strong>illi.</strong></span> <span class='ocrx_word' id='word_1_196' title='bbox 1007 3368 1106 3442; x_wconf 89' lang='lat' dir='ltr'><strong>Ovid.</strong></span> <span class='ocrx_word' id='word_1_197' title='bbox 1132 3370 1181 3440; x_wconf 91' lang='lat' dir='ltr'><strong>lb.</strong></span> <span class='ocrx_word' id='word_1_198' title='bbox 1212 3373 1295 3440; x_wconf 79' lang='lat'>165.</span> <span class='ocrx_word' id='word_1_199' title='bbox 1323 3368 1519 3458; x_wconf 85' lang='lat' dir='ltr'><strong>Infixusque</strong></span> <span class='ocrx_word' id='word_1_200' title='bbox 1541 3371 1610 3440; x_wconf 92' lang='lat' dir='ltr'><strong>tuis</strong></span> 
     </span>
     <span class='ocr_line' id='line_1_23' title="bbox 344 3491 1693 3582; baseline 0 -19"><span class='ocrx_word' id='word_1_201' title='bbox 344 3494 479 3564; x_wconf 90' lang='lat' dir='ltr'><strong>ossibus</strong></span> <span class='ocrx_word' id='word_1_202' title='bbox 504 3513 613 3562; x_wconf 90' lang='lat' dir='ltr'><strong>uncus</strong></span> <span class='ocrx_word' id='word_1_203' title='bbox 638 3494 716 3563; x_wconf 87' lang='lat' dir='ltr'><strong>erit.</strong></span> <span class='ocrx_word' id='word_1_204' title='bbox 742 3492 903 3565; x_wconf 89' lang='lat' dir='ltr'><strong>Juvenal.</strong></span> <span class='ocrx_word' id='word_1_205' title='bbox 929 3493 998 3564; x_wconf 88' lang='lat' dir='ltr'><strong>Sat.</strong></span> <span class='ocrx_word' id='word_1_206' title='bbox 1023 3491 1067 3582; x_wconf 86' lang='lat' dir='ltr'><strong>X,</strong></span> <span class='ocrx_word' id='word_1_207' title='bbox 1095 3498 1154 3564; x_wconf 87' lang='grc'><strong>66.</strong></span> <span class='ocrx_word' id='word_1_208' title='bbox 1182 3492 1328 3563; x_wconf 86' lang='lat' dir='ltr'><strong>Seianus</strong></span> <span class='ocrx_word' id='word_1_209' title='bbox 1352 3493 1492 3563; x_wconf 87' lang='lat' dir='ltr'><strong>ducitur</strong></span> <span class='ocrx_word' id='word_1_210' title='bbox 1519 3513 1609 3564; x_wconf 90' lang='lat' dir='ltr'><strong>unco</strong></span> <span class='ocrx_word' id='word_1_211' title='bbox 1682 3501 1693 3520; x_wconf 72' lang='lat'>⁸</span> 
     </span>
     <span class='ocr_line' id='line_1_24' title="bbox 345 3614 1610 3708; baseline 0.003 -22"><span class='ocrx_word' id='word_1_212' title='bbox 345 3615 573 3704; x_wconf 86' lang='lat' dir='ltr'><strong>Spectandus.</strong></span> <span class='ocrx_word' id='word_1_213' title='bbox 609 3614 753 3706; x_wconf 75' lang='lat' dir='ltr'><strong>Quoquo</strong></span> <span class='ocrx_word' id='word_1_214' title='bbox 773 3617 873 3688; x_wconf 92' lang='lat' dir='ltr'><strong>modo</strong></span> <span class='ocrx_word' id='word_1_215' title='bbox 893 3624 1008 3687; x_wconf 86' lang='lat' dir='ltr'><strong>autem</strong></span> <span class='ocrx_word' id='word_1_216' title='bbox 1031 3615 1135 3686; x_wconf 89' lang='lat' dir='ltr'><strong>verba</strong></span> <span class='ocrx_word' id='word_1_217' title='bbox 1159 3617 1415 3708; x_wconf 85' lang='lat' dir='ltr'><strong>explicabimus,</strong></span> <span class='ocrx_word' id='word_1_218' title='bbox 1439 3619 1610 3690; x_wconf 84' lang='lat' dir='ltr'><strong>sententia</strong></span> 
     </span>
     <span class='ocr_line' id='line_1_25' title="bbox 343 3737 1609 3829; baseline 0.001 -19"><span class='ocrx_word' id='word_1_219' title='bbox 343 3741 430 3811; x_wconf 87' lang='lat' dir='ltr'><strong>haec</strong></span> <span class='ocrx_word' id='word_1_220' title='bbox 451 3741 539 3811; x_wconf 90' lang='lat' dir='ltr'><strong>erit:</strong></span> <span class='ocrx_word' id='word_1_221' title='bbox 565 3738 658 3810; x_wconf 91' lang='lat' dir='ltr'><strong>nullo</strong></span> <span class='ocrx_word' id='word_1_222' title='bbox 683 3746 785 3829; x_wconf 89' lang='lat' dir='ltr'><strong>pacto</strong></span> <span class='ocrx_word' id='word_1_223' title='bbox 808 3745 842 3809; x_wconf 88' lang='lat' dir='ltr'><strong>te</strong></span> <span class='ocrx_word' id='word_1_224' title='bbox 867 3739 910 3810; x_wconf 93' lang='lat' dir='ltr'><strong>ab</strong></span> <span class='ocrx_word' id='word_1_225' title='bbox 935 3760 976 3808; x_wconf 93' lang='lat' dir='ltr'><strong>eo</strong></span> <span class='ocrx_word' id='word_1_226' title='bbox 996 3760 1112 3810; x_wconf 91' lang='lat' dir='ltr'><strong>amore</strong></span> <span class='ocrx_word' id='word_1_227' title='bbox 1137 3760 1279 3828; x_wconf 88' lang='lat' dir='ltr'><strong>prorsus</strong></span> <span class='ocrx_word' id='word_1_228' title='bbox 1301 3741 1478 3811; x_wconf 89' lang='lat' dir='ltr'><strong>liberabis.</strong></span> <span class='ocrx_word' id='word_1_229' title='bbox 1499 3737 1609 3827; x_wconf 77' lang='lat' dir='ltr'><strong>Quam</strong></span> 
     </span>
     <span class='ocr_line' id='line_1_26' title="bbox 345 3860 1608 3952; baseline 0.001 -18"><span class='ocrx_word' id='word_1_230' title='bbox 345 3866 552 3935; x_wconf 89' lang='lat' dir='ltr'><strong>seutentiam</strong></span> <span class='ocrx_word' id='word_1_231' title='bbox 576 3861 677 3934; x_wconf 89' lang='lat' dir='ltr'><strong>facile</strong></span> <span class='ocrx_word' id='word_1_232' title='bbox 701 3864 859 3933; x_wconf 90' lang='lat' dir='ltr'><strong>cernitur</strong></span> <span class='ocrx_word' id='word_1_233' title='bbox 887 3883 965 3934; x_wconf 89' lang='lat' dir='ltr'><strong>cum</strong></span> <span class='ocrx_word' id='word_1_234' title='bbox 989 3860 1070 3932; x_wconf 92' lang='lat' dir='ltr'><strong>addi</strong></span> <span class='ocrx_word' id='word_1_235' title='bbox 1093 3864 1271 3952; x_wconf 89' lang='lat' dir='ltr'><strong>aptissime</strong></span> <span class='ocrx_word' id='word_1_236' title='bbox 1300 3873 1341 3933; x_wconf 89' lang='lat' dir='ltr'><strong>et</strong></span> <span class='ocrx_word' id='word_1_237' title='bbox 1367 3865 1537 3952; x_wconf 86' lang='lat' dir='ltr'><strong>particula</strong></span> <span class='ocrx_word' id='word_1_238' title='bbox 1563 3864 1608 3935; x_wconf 92' lang='lat' dir='ltr'><strong>ad</strong></span> 
     </span>
     <span class='ocr_line' id='line_1_27' title="bbox 335 3986 1654 4076; baseline 0.002 -19"><span class='ocrx_word' id='word_1_239' title='bbox 335 3989 561 4076; x_wconf 87' lang='lat' dir='ltr'><strong>superiorem</strong></span> <span class='ocrx_word' id='word_1_240' title='bbox 581 3994 653 4058; x_wconf 92' lang='lat' dir='ltr'><strong>tum</strong></span> <span class='ocrx_word' id='word_1_241' title='bbox 674 4008 749 4057; x_wconf 85' lang='lat' dir='ltr'><strong>curn</strong></span> <span class='ocrx_word' id='word_1_242' title='bbox 771 3987 926 4074; x_wconf 85' lang='lat' dir='ltr'><strong>proxima</strong></span> <span class='ocrx_word' id='word_1_243' title='bbox 945 3987 1074 4075; x_wconf 89' lang='lat' dir='ltr'><strong>optime</strong></span> <span class='ocrx_word' id='word_1_244' title='bbox 1094 3988 1290 4062; x_wconf 89' lang='lat' dir='ltr'><strong>cohaerere.</strong></span> <span class='ocrx_word' id='word_1_245' title='bbox 1313 3986 1410 4058; x_wconf 88' lang='lat' dir='ltr'><strong>Haec</strong></span> <span class='ocrx_word' id='word_1_246' title='bbox 1430 3989 1521 4058; x_wconf 88' lang='lat' dir='ltr'><strong>enim</strong></span> <span class='ocrx_word' id='word_1_247' title='bbox 1540 3990 1608 4059; x_wconf 87' lang='lat' dir='ltr'><strong>tria</strong></span> <span class='ocrx_word' id='word_1_248' title='bbox 1640 4035 1654 4074; x_wconf 80' lang='lat'><strong>.=</strong></span> 
     </span>
     <span class='ocr_line' id='line_1_28' title="bbox 343 4108 1607 4201; baseline 0.002 -23"><span class='ocrx_word' id='word_1_249' title='bbox 343 4108 528 4179; x_wconf 89' lang='lat' dir='ltr'><strong>dicuntur:</strong></span> <span class='ocrx_word' id='word_1_250' title='bbox 549 4112 698 4198; x_wconf 90' lang='lat' dir='ltr'><strong>primum</strong></span> <span class='ocrx_word' id='word_1_251' title='bbox 718 4130 817 4179; x_wconf 90' lang='lat' dir='ltr'><strong>unam</strong></span> <span class='ocrx_word' id='word_1_252' title='bbox 839 4109 988 4199; x_wconf 84' lang='lat' dir='ltr'><strong>puellam</strong></span> <span class='ocrx_word' id='word_1_253' title='bbox 1007 4108 1223 4201; x_wconf 86' lang='lat' dir='ltr'><strong>aPropertio</strong></span> <span class='ocrx_word' id='word_1_254' title='bbox 1237 4116 1387 4179; x_wconf 89' lang='lat' dir='ltr'><strong>amatum</strong></span> <span class='ocrx_word' id='word_1_255' title='bbox 1407 4110 1463 4198; x_wconf 87' lang='lat' dir='ltr'><strong>iri,</strong></span> <span class='ocrx_word' id='word_1_256' title='bbox 1484 4110 1607 4180; x_wconf 90' lang='lat' dir='ltr'><strong>deinde</strong></span> 
     </span>
     <span class='ocr_line' id='line_1_29' title="bbox 342 4232 1605 4323; baseline -0.002 -19"><span class='ocrx_word' id='word_1_257' title='bbox 342 4241 525 4323; x_wconf 87' lang='lat' dir='ltr'><strong>perpetuo,</strong></span> <span class='ocrx_word' id='word_1_258' title='bbox 555 4241 625 4303; x_wconf 88' lang='lat' dir='ltr'><strong>tum</strong></span> <span class='ocrx_word' id='word_1_259' title='bbox 657 4253 790 4304; x_wconf 92' lang='lat' dir='ltr'><strong>summo</strong></span> <span class='ocrx_word' id='word_1_260' title='bbox 820 4255 895 4304; x_wconf 92' lang='lat' dir='ltr'><strong>cum</strong></span> <span class='ocrx_word' id='word_1_261' title='bbox 920 4233 1054 4322; x_wconf 89' lang='lat' dir='ltr'><strong>dolore;</strong></span> <span class='ocrx_word' id='word_1_262' title='bbox 1084 4243 1123 4304; x_wconf 89' lang='lat' dir='ltr'><strong>ut</strong></span> <span class='ocrx_word' id='word_1_263' title='bbox 1151 4255 1192 4303; x_wconf 93' lang='lat' dir='ltr'><strong>ne</strong></span> <span class='ocrx_word' id='word_1_264' title='bbox 1216 4232 1299 4302; x_wconf 93' lang='lat' dir='ltr'><strong>illud</strong></span> <span class='ocrx_word' id='word_1_265' title='bbox 1324 4233 1461 4322; x_wconf 91' lang='lat' dir='ltr'><strong>quidem</strong></span> <span class='ocrx_word' id='word_1_266' title='bbox 1485 4255 1605 4304; x_wconf 89' lang='lat' dir='ltr'><strong>verum</strong></span> 
     </span>
     <span class='ocr_line' id='line_1_30' title="bbox 342 4357 1605 4446; baseline -0.002 -18"><span class='ocrx_word' id='word_1_267' title='bbox 342 4358 388 4428; x_wconf 92' lang='lat' dir='ltr'><strong>sit</strong></span> <span class='ocrx_word' id='word_1_268' title='bbox 407 4379 426 4427; x_wconf 94' lang='lat' dir='ltr'><strong>a</strong></span> <span class='ocrx_word' id='word_1_269' title='bbox 447 4358 634 4429; x_wconf 91' lang='lat' dir='ltr'><strong>maioribus</strong></span> <span class='ocrx_word' id='word_1_270' title='bbox 658 4357 702 4428; x_wconf 88' lang='lat' dir='ltr'><strong>ad</strong></span> <span class='ocrx_word' id='word_1_271' title='bbox 724 4359 875 4429; x_wconf 89' lang='lat' dir='ltr'><strong>minores</strong></span> <span class='ocrx_word' id='word_1_272' title='bbox 898 4358 1035 4429; x_wconf 89' lang='lat' dir='ltr'><strong>dolores</strong></span> <span class='ocrx_word' id='word_1_273' title='bbox 1058 4357 1304 4446; x_wconf 90' lang='lat' dir='ltr'><strong>praedicendos</strong></span> <span class='ocrx_word' id='word_1_274' title='bbox 1327 4358 1605 4429; x_wconf 83' lang='lat' dir='ltr'><strong>vaticinationem</strong></span> 
     </span>
    </p>
   </div>
   <div class='ocr_carea' id='block_1_6' title="bbox 264 4482 502 4553">
    <p class='ocr_par' dir='ltr' id='par_1_6' title="bbox 264 4482 502 4553">
     <span class='ocr_line' id='line_1_31' title="bbox 264 4482 502 4553; baseline 0.004 -1"><span class='ocrx_word' id='word_1_275' title='bbox 264 4529 266 4532; x_wconf 94' lang='lat'>-</span> <span class='ocrx_word' id='word_1_276' title='bbox 342 4482 502 4553; x_wconf 84' lang='lat' dir='ltr'><strong>transire.</strong></span> 
     </span>
    </p>
   </div>
   <div class='ocr_carea' id='block_1_7' title="bbox 343 4605 1602 4799">
    <p class='ocr_par' dir='ltr' id='par_1_7' title="bbox 343 4605 1602 4799">
     <span class='ocr_line' id='line_1_32' title="bbox 420 4605 1602 4695; baseline 0.002 -21"><span class='ocrx_word' id='word_1_277' title='bbox 420 4605 460 4674; x_wconf 93' lang='lat' dir='ltr'><strong>In</strong></span> <span class='ocrx_word' id='word_1_278' title='bbox 490 4606 602 4694; x_wconf 89' lang='lat' dir='ltr'><strong>elegia</strong></span> <span class='ocrx_word' id='word_1_279' title='bbox 629 4606 741 4676; x_wconf 88' lang='lat' dir='ltr'><strong>altera</strong></span> <span class='ocrx_word' id='word_1_280' title='bbox 769 4606 1041 4676; x_wconf 87' lang='lat' dir='ltr'><strong>Luettiohannes</strong></span> <span class='ocrx_word' id='word_1_281' title='bbox 1069 4607 1116 4695; x_wconf 90' lang='lat' dir='ltr'><strong>(p.</strong></span> <span class='ocrx_word' id='word_1_282' title='bbox 1140 4607 1200 4675; x_wconf 82' lang='lat'><strong>34.</strong></span> <span class='ocrx_word' id='word_1_283' title='bbox 1222 4607 1265 4694; x_wconf 88' lang='lat' dir='ltr'><strong>s.)</strong></span> <span class='ocrx_word' id='word_1_284' title='bbox 1293 4605 1368 4676; x_wconf 90' lang='lat' dir='ltr'><strong>loco</strong></span> <span class='ocrx_word' id='word_1_285' title='bbox 1396 4615 1511 4678; x_wconf 89' lang='lat' dir='ltr'><strong>movet</strong></span> <span class='ocrx_word' id='word_1_286' title='bbox 1535 4629 1602 4678; x_wconf 83' lang='lat' dir='ltr'><strong>uss.</strong></span> 
     </span>
     <span class='ocr_line' id='line_1_33' title="bbox 343 4733 563 4799; baseline 0 0"><span class='ocrx_word' id='word_1_287' title='bbox 343 4733 387 4799; x_wconf 80' lang='lat'><strong>41</strong></span> <span class='ocrx_word' id='word_1_288' title='bbox 417 4771 461 4780; x_wconf 94' lang='lat'><em>-</em></span> <span class='ocrx_word' id='word_1_289' title='bbox 483 4734 563 4799; x_wconf 58' lang='lat'><strong>46:</strong></span> 
     </span>
    </p>
   </div>
   <div class='ocr_carea' id='block_1_8' title="bbox 0 0 1804 5594">
    <p class='ocr_par' dir='ltr' id='par_1_8' title="bbox 0 0 1804 5594">
     <span class='ocr_line' id='line_1_34' title="bbox 0 0 1804 5594; baseline 0 2"><span class='ocrx_word' id='word_1_290' title='bbox 0 0 1804 5594; x_wconf 95' lang='lat' dir='ltr'><strong> </strong></span> 
     </span>
    </p>
   </div>
  </div>
 </body>
</html>
