3600 5594
672 473 966 556 '--61-

230 702 270 767 ut
297 695 335 766 Ο.
365 695 527 768 Valerius
556 695 701 768 Flaccus
730 698 860 786 Argon.
890 698 987 787 VIII,
1019 701 1078 770 20.
1110 719 1153 770 ss.
1184 698 1225 770 de
1252 697 1377 770 Medea
1404 720 1492 788 quae

231 841 331 890 mane
350 821 393 890 ad
412 821 565 892 Iasonem
586 821 724 892 abitura
743 828 797 893 est
814 821 900 892 haec
920 821 1023 894 dicit:

377 1110 379 1119 ·
439 1069 523 1139 Inde
541 1069 635 1139 velut
652 1075 744 1140 torto
764 1069 947 1140 Furiarum
966 1071 1075 1141 eiecta
1093 1068 1227 1159 flagello

440 1191 594 1282 Prosilit,
615 1195 761 1264 attonito
780 1194 889 1282 qualis
905 1194 994 1284 pede
1013 1195 1147 1284 prosilit
1164 1195 1224 1265 Ino

441 1317 480 1387 In
498 1316 608 1404 freta3
628 1357 679 1368 -

191 1543 192 1550 ἵ
231 1585 293 1636 nec
311 1563 450 1637 difficile
469 1572 525 1636 est
542 1566 702 1636 similium
722 1567 875 1637 locorum
894 1586 1021 1655 augere
1041 1585 1232 1654 numerum,
1252 1565 1281 1635 si
1295 1585 1380 1654 opus
1396 1563 1491 1636 vide-

230 1695 337 1758 retur.
360 1688 603 1777 Superioribus
622 1696 735 1760 autern
756 1691 924 1780 versibus,
948 1693 1008 1760 27.
1026 1712 1066 1779 s,
1087 1695 1221 1760 tantum
1241 1688 1339 1760 abest
1356 1703 1395 1760 ut
1415 1710 1489 1779 que

165 1821 167 1836 '
229 1812 398 1900 particula
420 1812 559 1883 diversa
585 1833 641 1882 nes
670 1813 713 1884 ad
741 1814 894 1884 diversas
922 1815 1081 1904 addatur,
1110 1824 1149 1886 ut
1176 1817 1213 1886 in
1240 1817 1356 1886 cadam
1387 1837 1491 1886 causa
1598 1869 1602 1886 ,

229 1941 406 2026 pergatur.
442 1934 543 2006 Omni
571 1937 659 2007 enim
687 1937 746 2007 illo
775 1939 851 2018 loco
880 1936 1033 2009 refertur
1062 1940 1143 2028 quid
1171 1941 1274 2010 solita
1303 1941 1349 2010 sit
1375 1938 1490 2012 facere

229 2061 374 2150 Tarpeia
392 2067 574 2150 postquam
590 2062 726 2133 Tatium
741 2083 818 2132 curn
834 2062 963 2134 Vestae
981 2084 1104 2153 aquam
1118 2073 1255 2152 peteret
1268 2071 1491 2152 conspectum

228 2185 410 2267 adamarit,
440 2193 671 2274 narratnrque
699 2194 734 2257 et
759 2186 850 2257 lictis
878 2187 992 2257 causis
1021 2208 1122 2276 saepe
1152 2209 1193 2258 cx
1216 2209 1296 2258 arce
1320 2189 1431 2258 exisse
1455 2197 1491 2259 et

228 2313 460 2403 Nympharum
485 2315 632 2403 gratiam
656 2311 814 2402 utillum
842 2319 1022 2381 seruarent
1045 2317 1200 2399 captasse
1227 2312 1426 2382 muneribus
1454 2319 1491 2382 et

230 2435 364 2524 vesperi
383 2435 521 2505 domum
539 2435 686 2505 redisse.
709 2434 805 2523 Quae
825 2455 925 2523 quam
947 2442 1020 2504 arte
1038 2436 1130 2505 inter
1149 2456 1185 2505 se
1204 2436 1411 2506 cohaereant
1429 2457 1488 2506 ne-

228 2561 353 2630 miuem
376 2567 488 2649 potest
510 2558 630 2629 fallere
654 2559 720 2628 nisi
743 2559 801 2647 qui
822 2559 971 2648 primurn
994 2559 1088 2628 illurn
1115 2559 1281 2648 Tarpeiae
1305 2560 1435 2630 exitum
1454 2561 1488 2628 in

228 2704 296 2772 quo
313 2683 461 2774 primurn
481 2685 620 2755 Tatium
638 2684 817 2770 conspexit
844 2703 921 2752 cum
945 2683 1198 2771 posteriorIbus
1223 2691 1258 2754 et
1276 2682 1488 2776 frequentio-

227 2809 325 2880 ribus
349 2808 556 2880 discessibus
580 2805 774 2880 confundat.
797 2807 917 2894 Neque
941 2807 1066 2878 attinet
1088 2808 1170 2896 quid
1193 2807 1252 2878 illa
1275 2815 1343 2878 tam
1369 2808 1427 2879 diu
1447 2808 1489 2878 ad

231 2931 341 3004 fontes
360 2932 483 3005 fecerit
503 2953 681 3021 quaerere.
710 2929 824 3002 Unum
845 2931 934 3000 enim
958 2932 1171 3021 appellatur:
1200 2931 1369 3022 Nymphis
1388 2931 1489 3004 liores

229 3057 399 3144 attulisse;
424 3057 571 3127 alterurn
596 3057 659 3127 etsi
683 3077 747 3126 non
772 3055 966 3144 appellatur
989 3057 1100 3145 ipsum
1121 3062 1233 3126 tamen
1254 3077 1316 3145 per
1337 3077 1374 3126 se
1392 3057 1490 3126 intel·

227 3179 368 3268 ligitur:
396 3181 487 3251 Tatii
513 3181 677 3268 adspectu
710 3199 786 3248 esse
811 3178 1034 3267 delectatam,
1064 3200 1164 3268 quem
1189 3200 1266 3248 cum
1290 3180 1399 3268 primo
1421 3202 1488 3250 uon

148 3277 156 3284 ’
228 3325 270 3374 ex
288 3325 365 3375 arce
386 3305 446 3376 sed
466 3327 507 3375 ex
531 3303 624 3374 fonte
647 3304 801 3390 vidisset,
827 3311 865 3372 nt
887 3322 1010 3372 rursus
1035 3307 1167 3390 spectet
1191 3304 1336 3373 eundem
1359 3301 1487 3375 fontem

228 3429 362 3519 saepius
390 3430 529 3516 repetit.
558 3428 646 3499 Item
675 3427 766 3516 apud
796 3426 957 3501 Ovidium
985 3425 1069 3496 Met.
1101 3425 1199 3497 VIII.
1229 3427 1275 3496 in.
1306 3426 1420 3516 Scylla
1446 3449 1488 3498 ex

227 3554 316 3622 turri
343 3553 490 3642 quadam
513 3551 666 3622 Minoem
696 3550 783 3622 solet
811 3550 994 3638 admirari3
1023 3550 1107 3626 item
1135 3551 1225 3638 apud
1250 3549 1287 3620 C.
1310 3550 1486 3621 Valerium

227 3676 389 3792 Flaccum
417 3675 480 3766 VI,
503 3678 588 3748 575.
614 3676 739 3746 Medea
765 3677 872 3745 muris
899 3674 1052 3773 residens
1080 3674 1246 3762 paternis,
1277 3674 1357 3743 durn
1386 3674 1489 3744 datur

227 3802 331 3893 (602)
349 3801 474 3870 Iasona
493 3799 601 3870 oculis
618 3800 853 3889 prosequitur.
879 3795 952 3884 uuo
977 3798 1115 3868 consilio
1140 3796 1168 3867 si
1193 3797 1251 3866 illa
1274 3796 1391 3868 abibat
1408 3817 1486 3868 cum

227 3935 262 3996 et
290 3944 370 3995 suos
398 3931 434 3994 et
461 3923 579 3992 hostes
608 3924 751 3994 deberet
777 3922 897 3993 fallere
926 3943 969 3992 ne
997 3921 1354 4009 animadverteretur,
1388 3921 1486 3992 rubis

227 4054 323 4119 secta
340 4049 482 4119 brachia
500 4047 659 4118 retulisse
679 4047 817 4118 domurn
836 4068 904 4118 non
922 4054 1015 4117 esset
1029 4047 1164 4134 mirum,
1181 4045 1316 4115 etiamsi
1331 4064 1396 4115 non
1411 4045 1487 4134 ipsa

171 4169 175 4175 ’
222 4194 276 4266 rs.
303 4177 365 4245 43.
390 4173 523 4264 spinosi
548 4171 664 4242 rorida
687 4177 788 4259 terga
810 4171 882 4260 lugi
905 4179 1122 4241 memoraret.
1153 4169 1319 4259 Querelae
1343 4189 1425 4238 vero
1449 4175 1487 4238 ut

226 4296 485 4368 effunderentur
512 4297 580 4367 alia
607 4301 747 4386 praeter
774 4313 925 4365 amorem
953 4314 1056 4365 causa
1083 4294 1140 4364 hic
1168 4313 1233 4364 non
1262 4292 1371 4380 magis
1400 4312 1485 4379 opus
1603 4351 1605 4358 ,

226 4427 302 4492 erat
326 4441 427 4508 quam
450 4424 484 4491 in
513 4420 682 4490 similibus
705 4418 855 4509 querelis
876 4416 1008 4507 Scyllae
1032 4426 1092 4488 aut
1110 4417 1269 4504 Medeae,
1297 4422 1374 4485 ante
1400 4434 1484 4501 quas

226 4545 354 4616 nemini
372 4565 435 4614 neo
455 4545 602 4614 venitin
620 4549 769 4613 mentem
790 4561 852 4612 uec
872 4541 998 4631 veniet,
1018 4543 1149 4631 opinor,
1165 4539 1250 4610 alios
1268 4558 1390 4608 versus
1409 4558 1484 4609 esse
1586 4575 1589 4579 ν

222 4687 378 4740 omissos.

302 4793 342 4863 In
371 4791 487 4864 eadem
518 4791 627 4880 elegia
654 4789 825 4862 Lucienus
853 4790 1042 4861 Muellerus
1070 4787 1198 4881 (Pracf.
1227 4807 1306 4878 pag.
1331 4785 1483 4876 XLIII),
