3600 5594
840 435 1045 503 „24-

312 644 419 735 Saepe
448 666 526 717 suos
554 636 676 716 solitus
702 645 851 715 recitare
879 643 1083 732 Propertius
1110 644 1208 731 ignes
1234 642 1323 719 June
1347 643 1496 716 sodalitii
1515 645 1572 733 qui

169 823 170 830 1
313 771 397 841 mihi
413 771 552 842 iunctus
571 776 655 840 erat.
667 768 876 840 —Restant
893 766 1030 838 fabulae
1057 774 1096 838 ut
1123 767 1165 838 16
1184 763 1340 839 6661166
1360 769 1490 840 dictum
1513 769 1569 840 sit.

313 894 368 966 Ad
388 913 471 983 quas
489 892 757 964 Luettiohannes
775 891 852 962 iure
871 896 1041 962 memorat
1055 891 1470 981 HerculemaPropertio
1486 913 1571 962 neu·

313 1020 443 1107 tiquam
456 1016 591 1088 narrari
608 1017 644 1087 in
661 1015 760 1087 Latio
780 1021 965 1106 mortuum,
981 1013 1040 1086 sed
1052 1035 1101 1085 vs.
1116 1017 1176 1086 61.
1198 1016 1370 1105 (Angulus
1384 1015 1440 1086 hic
1454 1016 1571 1088 mundi

314 1161 402 1212 nunc
419 1160 475 1211 me
492 1161 568 1212 mea
580 1138 653 1211 fata
666 1140 858 1211 trahentem
873 1139 1021 1232 Accipit)
1037 1138 1079 1210 de
1094 1139 1243 1210 adventu
1261 1140 1372 1228 accipi
1393 1147 1566 1230 oportere,

221 1267 223 1284 '
312 1264 434 1355 ScleIs
453 1271 567 1335 autern
586 1264 718 1336 duabus
733 1261 884 1334 confusis
898 1263 993 1334 illurn
1007 1268 1118 1335 tutum
1135 1284 1210 1334 esse
1226 1261 1338 1336 Ovidii
1354 1263 1570 1354 Vergiliique

177 1401 180 1414 ⁴
314 1389 485 1478 exemplis.
531 1387 620 1458 Nam
648 1393 768 1458 narrat
789 1387 846 1458 ille
870 1386 1006 1477 quidem
1022 1386 1087 1480 III,
1112 1390 1174 1476 19,
1195 1391 1256 1459 21.
1285 1387 1380 1458 illarn
1409 1387 1569 1478 Scyllam,

315 1533 401 1603 quae
420 1512 541 1584 Nisum
559 1516 692 1602 patrem
705 1509 907 1602 prodiderit,
924 1511 1076 1582 Minoem
1090 1511 1268 1601 adamarit,
1281 1511 1317 1582 in
1333 1511 1411 1582 navi
1425 1512 1571 1582 vinctam

312 1648 444 1727 poenas
463 1634 610 1722 dedisse;
629 1633 793 1723 idemIV,
809 1639 845 1722 4,
864 1636 924 1705 39.
945 1655 971 1706 6.
994 1632 1082 1722 Quid
1101 1634 1237 1725 mirum,
1252 1635 1376 1726 inquit,
1392 1635 1425 1704 in
1440 1636 1572 1724 patrios

275 1821 277 1826 ,
313 1759 461 1849 Scyllam
480 1759 631 1830 saevisse
651 1759 794 1850 capillos
812 1756 1032 1848 Candidaque
1049 1760 1083 1829 in
1098 1774 1217 1832 saevos
1234 1759 1376 1848 inguina
1394 1779 1496 1830 versa
1516 1780 1572 1831 66-

313 1905 438 1955 666-;
455 1881 516 1954 sed
530 1881 672 1955 Ovidius
691 1884 805 1972 etiarn,
822 1883 880 1972 qui
898 1883 985 1954 Met.
997 1883 1040 1972 X,
1052 1883 1099 1954 in.
1120 1882 1247 1953 Phorci
1260 1881 1363 1973 filiae,
1374 1883 1460 1954 Met.
1471 1869 1571 1974 VIII,

313 1997 360 2078 in.
380 2004 469 2078 filiae
488 2007 564 2078 Nisi
583 2005 733 2079 fabulam
751 2007 910 2096 exponit,
929 2006 1020 2078 idem
1038 2008 1115 2079 Am.
1135 2006 1203 2096 Ill,
1226 2009 1286 2095 12,
1309 2010 1369 2078 21.
1408 2007 1479 2078 Per
1496 2028 1572 2096 666,

313 2130 440 2220 inquit,
472 2128 587 2220 Scylla
613 2130 704 2220 patri
732 2150 836 2200 canos
864 2127 979 2200 furata
1003 2130 1146 2219 capillos
1168 2129 1266 2202 Pube
1288 2130 1416 2218 premit
1434 2130 1572 2202 rabidos

313 2254 577 2344 inguinibusque
594 2275 705 2344 canes,
727 2253 933 2343 eosdemque
948 2274 1056 2341 paene
1072 2275 1193 2325 versus
1208 2253 1476 2342 redintegratA.
1487 2255 1530 2325 A.
1542 2255 1571 2343 l,

242 2453 245 2458 ,
297 2375 386 2448 ’331
409 2399 450 2466 6.;
470 2378 621 2468 itemque
636 2377 811 2466 Vergilius
831 2384 866 2447 et
885 2376 971 2448 Aen.
986 2376 1050 2466 III,
1072 2381 1291 2450 424-428.
1312 2378 1459 2449 alteram
1476 2376 1572 2468 Scyl-

313 2503 382 2573 lam
401 2502 583 2592 describit,
613 2507 648 2572 et
674 2499 748 2572 Ecl.
769 2500 830 2590 VI,
851 2503 912 2572 74.
934 2521 980 2572 66.
1001 2501 1085 2572 haec
1104 2501 1224 2573 habet:
1254 2500 1345 2590 Quid
1371 2501 1494 2591 loquar
1512 2509 1573 2574 aut
1628 2553 1630 2570 .

316 2625 463 2716 Scyllam
482 2626 575 2716 Nisi,
604 2645 707 2714 quam
725 2623 815 2696 fama
834 2631 952 2696 secuta
972 2629 1026 2696 est
1043 2623 1196 2696 Candida
1215 2625 1424 2696 succinctam
1441 2626 1572 2698 latran-

313 2751 407 2821 tibus
426 2749 565 2839 inguina
583 2749 743 2819 monstris
761 2748 940 2820 Dulichias
960 2770 1100 2820 vexasse
1118 2754 1275 2838 rates-,
1296 2748 1356 2820 ubi
1370 2771 1433 2821 cur
1447 2747 1572 2821 Garut-

315 2874 383 2944 tins
403 2873 563 2943 mendum
582 2871 690 2942 latere
709 2872 903 2961 suspicetur
922 2872 1014 2943 nulla
1034 2879 1086 2944 est
1104 2874 1204 2945 ratic.
1254 2875 1353 2944 Hunc
1376 2874 1410 2944 in
1434 2874 1573 2945 modum

315 3018 390 3070 oum
408 3003 532 3087 poetae
550 2997 687 3067 varient
704 2993 854 3086 fabulas,
884 3017 927 3065 ne
955 2994 1067 3068 Cacus
1097 2997 1233 3083 quidem
1258 2997 1362 3068 debet
1386 2983 1570 3087 offendere,

314 3142 416 3212 quem
435 3121 501 3192 etsi
518 3141 617 3190 nemo
638 3119 728 3208 quod
747 3121 848 3190 sciam
868 3119 956 3190 alius
974 3121 1163 3210 tricipitem
1183 3120 1285 3210 dixit,
1315 3121 1433 3209 plures
1457 3132 1571 3193 tamen

314 3246 423 3317 diram
441 3244 516 3316 eius
534 3242 657 3346 faciem
675 3250 881 3332 memorant,
902 3250 1025 3315 utnon
1045 3245 1170 3316 mirum
1189 3245 1235 3315 sit
1254 3265 1328 3315 eum
1347 3268 1368 3314 6
1385 3244 1570 3335 Propertio

313 3369 424 3440 tribus
443 3368 612 3458 capitibus
632 3388 706 3438 esse
725 3366 909 3438 delinitam.

391 3492 583 3582 Epistolam
604 3490 794 3561 Arethusae
814 3489 990 3563 Oaruttius
1011 3491 1199 3590 Heroidurn
1214 3491 1440 3563 imitationem
1458 3499 1571 3582 vocat,
1659 3577 1661 3581 ι

315 3617 413 3690 66166
433 3620 660 3687 commentum
680 3614 818 3686 ductum
837 3616 996 3687 uideatur
1014 3637 1056 3687 ex
1075 3615 1184 3705 elegia
1199 3621 1255 3687 12.
1276 3616 1379 3706 1111,
1401 3636 1469 3706 qua
1484 3616 1570 3689 Pro-

313 3740 445 3831 pertius
469 3738 654 3810 derelictae
674 3738 792 3812 Gallae
812 3739 1013 3812 Postumum
1041 3745 1175 3828 arguat.
1223 3739 1289 3811 Ubi
1317 3739 1417 3828 hoca,
1445 3740 1572 3830 inquit,

314 3882 477 3954 praesens
495 3883 603 3953 genus
621 3855 748 3935 Noster
766 3872 900 3935 tentare
918 3862 1093 3953 voluisset,
1113 3861 1259 3936 formam
1279 3884 1401 3936 novam
1420 3873 1456 3936 et
1473 3885 1570 3937 suam

314 3988 364 4060 illi
384 3987 548 4076 dedisset,
569 4007 631 4058 nec
649 3992 721 4057 tam
741 3986 884 4056 moleste
904 3983 1020 4056 Ovidii
1039 3987 1183 4078 vestigia
1202 3988 1396 4077 pressisset.
1444 3990 1491 4059 At
1510 4009 1573 4059 cur

312 4112 414 4184 huius
438 4112 553 4200 potius
570 4119 692 4182 auctor
710 4109 838 4200 elegiae
856 4107 1013 4180 Ovidium
1041 4112 1195 4183 16116166
1221 4116 1364 4201 putetur
1386 4131 1488 4199 quam
1511 4120 1575 4184 aut
1601 4183 1607 4190 ,

313 4240 433 4306 contra
451 4241 512 4304 ant
529 4239 652 4306 neuter
670 4234 849 4304 nentrum?
895 4231 997 4305 Certe
1024 4236 1165 4306 robetae
1195 4234 1314 4305 uxoris
1341 4229 1569 4308 admonitum

313 4357 457 4448 epistola
475 4379 542 4429 non
561 4363 630 4429 tam
649 4357 800 4428 insolens
823 4377 927 4429 causa
946 4342 1039 4446 erat,
1059 4365 1183 4428 utnon
1202 4378 1264 4428 666
1284 4363 1429 4446 uterque
1449 4367 1570 4449 sponte

265 4551 268 4556 .
313 4501 388 4554 666
401 4489 520 4572 666661
532 4487 694 4554 tractare.
711 4479 923 4572 Quamquam
942 4482 976 4553 id
996 4483 1101 4552 etiam
1119 4481 1247 4553 factum
1267 4489 1320 4554 est
1337 4483 1373 4552 in
1388 4491 1570 4573 poetarum

312 4605 507 4695 consortiis,
527 4611 566 4678 61
583 4606 692 4678 maior
710 4614 792 4676 natu
812 4607 952 4678 minoris
972 4606 1165 4696 exemplum
1184 4612 1399 4695 sequeretur.
1422 4606 1489 4679 Sed
1499 4607 1569 4696 Ly·
1633 4653 1636 4664 ·

312 4736 410 4801 66166
438 4732 474 4800 61
500 4730 696 4802 Arethusae
715 4730 908 4802 nominihus
926 4730 1125 4801 Postumum
1145 4728 1242 4798 illum
1264 4734 1300 4802 et
1320 4727 1454 4804 Gallam
1477 4729 1570 4801 desi·
