3600 5594
750 521 958 590 -105-

220 729 505 826 Descriptionem·
520 730 748 819 eiuspugnae
772 751 840 821 qua
863 732 996 821 torquis
1016 731 1224 805 Virdomaro
1248 743 1368 826 erepta
1394 744 1485 813 esset

223 856 391 927 excidisse
409 860 521 944 putat,
542 854 623 944 quia
642 875 747 946 supra
766 876 826 926 eae
846 877 992 947 pugnae,
1018 878 1060 928 ex
1087 857 1212 948 quibus
1237 861 1347 950 spolia
1372 865 1485 952 opima

221 978 332 1051 relata
351 983 478 1068 essent,
499 977 655 1068 pluribus
679 979 748 1050 sint
771 977 946 1071 narratae,
968 982 1026 1054 bic
1049 1003 1091 1051 ne
1116 983 1192 1073 quis
1217 984 1355 1075 quidem
1374 989 1484 1077 spolia

219 1105 313 1175 hosti
335 1103 502 1192 eripuerit
525 1111 645 1193 aperte
665 1105 870 1177 declaretur.
899 1108 949 1177 At
967 1127 1043 1177 cum
1064 1107 1172 1178 omnis
1186 1129 1242 1180 res
1256 1109 1291 1179 in
1310 1131 1351 1183 eo
1369 1119 1483 1184 verta-

220 1235 289 1319 tur,
319 1228 396 1318 quis
424 1249 466 1298 ea
488 1229 595 1320 spolia
618 1234 652 1299 et
675 1249 696 1298 a
720 1250 788 1318 quo
817 1230 992 1322 retulerit,
1020 1246 1213 1322 pugnarum
1237 1232 1483 1325 descriptiones

218 1373 281 1424 nec
299 1352 331 1424 si
349 1352 525 1424 adduntur
545 1352 720 1424 offendunt
738 1374 800 1425 uec
819 1355 849 1425 si
868 1355 993 1425 absunt
1011 1356 1253 1446 requiruntur;
1276 1361 1483 1448 praesertim

219 1497 297 1548 cum
317 1483 352 1547 et
375 1476 504 1548 variari
525 1469 578 1548 rei
600 1479 844 1549 tractationem
868 1480 1049 1550 conveniat
1072 1486 1108 1551 et
1128 1480 1281 1552 brevitas
1302 1483 1351 1554 ibi
1374 1483 1483 1573 aptis·

206 1583 307 1694 ‚sima
323 1601 481 1672 videatur
498 1600 558 1672 ubi
577 1600 621 1672 ad
644 1599 744 1672 finem
763 1600 904 1674 festinat
928 1605 1048 1676 oratio.
1079 1601 1163 1692 Quis
1187 1611 1301 1678 autem
1321 1612 1482 1699 torquem

218 1725 316 1798 Gallo
335 1725 503 1816 eripuerit
520 1727 605 1810 satis
624 1724 838 1814 significatur
855 1727 960 1799 versu
980 1730 1041 1800 39.

258 1897 263 1908 ⁴
376 1897 540 1994 Claudius
558 1921 748 1993 Eridanum
766 1923 931 1995 traiectos
950 1926 1064 1996 arcuit
1080 1924 1211 1997 hostes.

215 2136 363 2208 Romani
378 2137 478 2220 enlm,
495 2136 621 2225 quibus
634 2137 719 2208 haec
733 2135 844 2228 elegia
858 2138 988 2228 scripta
1003 2143 1068 2226 est,
1084 2139 1143 2209 vix
1156 2139 1356 2211 nesciebant
1370 2141 1481 2231 spolia

216 2261 330 2350 opima
348 2280 368 2330 a
387 2259 473 2330 duce
492 2259 573 2332 duci
592 2279 671 2331 esse
690 2265 822 2349 erepta.

294 2417 442 2508 Reliqua
469 2423 523 2488 est
551 2418 684 2508 Regina
708 2419 919 2510 Elegiarum.
960 2418 1068 2492 (iuius
1100 2419 1373 2494 Luettiohannes
1400 2429 1479 2496 ante
1577 2465 1581 2478 .

213 2562 265 2614 us.
289 2545 349 2613 61.

372 2736 424 2808 Et
442 2743 574 2808 tamen
594 2737 724 2808 emerui
741 2758 927 2827 generosos
945 2738 1052 2810 vestis
1076 2739 1224 2811 honores
1243 2779 1295 2794 -

213 2949 380 3022 transfert
390 2969 457 3021 uss.
472 2953 532 3022 65.
546 2972 572 3022 s.
589 2949 752 3022 Vidimus
768 2958 804 3022 et
816 2949 960 3024 fratrem
971 2952 1089 3024 sellam
1102 2953 1296 3041 geminasse
1310 2955 1476 3047 curulem,

423 3072 572 3144 Consule
591 3095 659 3164 quo
678 3073 769 3145 facto
790 3081 943 3166 tempore
962 3083 1064 3164 rapta
1082 3095 1191 3146 soror.
1211 3115 1263 3128 -

212 3288 292 3379 quia
309 3307 421 3377 neque
440 3287 527 3358 illud
545 3287 600 3358 Et
618 3293 750 3360 tomen
770 3287 1034 3377 explicationem
1052 3287 1192 3378 habeat,
1217 3289 1248 3360 si
1271 3289 1476 3362 antecedant

211 3431 280 3483 vas.
303 3415 363 3483 59.
384 3431 411 3482 s,

369 3606 432 3676 Ille
450 3625 513 3676 sua
530 3610 613 3676 nata
632 3604 769 3694 dignam
790 3605 917 3676 vixisse
938 3626 1087 3678 sororem

422 3729 583 3820 Increpat
602 3732 638 3799 et
655 3727 816 3800 lacrimas
837 3728 984 3800 vidimus
1002 3729 1054 3800 ire
1073 3728 1149 3800 Deo
1161 3767 1223 3816 -,

1039 3839 1053 3872 Χ

210 3947 244 4011 et
267 3941 426 4013 versibus
452 3941 512 4014 65.
539 3946 574 4014 et
598 3943 658 4013 66.
683 3941 912 4033 perturbetur
933 3940 1123 4013 liberorum
1147 3941 1360 4014 enumeratio
1384 3963 1473 4034 quae

210 4064 256 4136 sit
272 4065 309 4135 in
327 4087 397 4138 uss.
421 4068 481 4138 63.
506 4069 566 4139 64.
589 4068 650 4137 67.
673 4067 732 4137 68.

305 4281 364 4350 63.
394 4280 448 4351 Tu
466 4279 601 4370 Lepide
619 4283 653 4349 ct
672 4283 709 4349 tu
727 4278 848 4350 Paulle
866 4298 982 4350 meum
1001 4284 1082 4368 post
1100 4277 1171 4350 iata
1189 4279 1356 4367 levamen,

396 4401 546 4475 Condita
564 4409 644 4474 sunt
662 4409 777 4474 vestro
796 4402 924 4474 lumina
941 4406 1059 4474 nostra
1077 4403 1165 4474 sinn.
1189 4439 1233 4452 -
1286 4452 1294 4466 .

214 4573 527 4590 *ffl—-q

209 4639 339 4711 cendunt,
354 4646 383 4696 et
397 4655 447 4711 ego
461 4642 528 4696 mihi
541 4644 672 4713 persuasi.
693 4641 747 4700 Sed
760 4659 821 4698 curn
835 4657 927 4698 earum
941 4658 1011 4711 quae
1025 4641 1114 4698 adhue
1127 4641 1254 4712 prolatae
1268 4645 1332 4696 sunt
1345 4638 1473 4698 emenda-

209 4729 313 4785 tionum
327 4729 406 4785 nulla
420 4731 487 4786 satis
500 4730 625 4799 placeret
639 4733 764 4788 codicum
778 4731 910 4788 malebam
923 4731 1015 4800 rerba,
1035 4747 1116 4800 quarn
1133 4729 1317 4786 recentiorum
1334 4729 1472 4786 coniectu·

210 4835 257 4875 ras
270 4833 433 4890 proponere.
