3600 5594
742 433 948 510 ...ῃ-’-
1050 447 1051 452 ’

321 648 457 722 Certior
476 672 494 720 e
515 651 632 720 multis
651 671 711 722 uec
729 659 799 724 tam
814 651 983 722 invidiosa
1001 655 1120 740 rapina
1140 659 1203 726 est.

372 773 477 843 Plena
495 774 588 842 venit
605 774 698 844 canis
717 775 759 845 de
778 794 883 864 grege
903 776 1031 862 praeda
1049 775 1149 862 lupis.

216 986 302 1053 quos
323 987 441 1037 versus
459 966 586 1054 excipit
603 974 726 1054 poetae
746 948 906 1040 amatoris
925 969 1153 1040 obtrectatio:

328 1147 417 1231 Ecce
437 1161 602 1250 quidiste
622 1168 701 1230 tuus
720 1169 860 1250 praeter
881 1182 968 1231 nova
987 1163 1138 1232 carmina
1161 1170 1255 1232 vates

374 1283 510 1354 Donat?
530 1284 694 1354 amatoris
712 1283 820 1354 millia
839 1285 945 1354 multa
963 1285 1080 1374 leges:

216 1500 253 1563 at
275 1493 476 1584 Propertius
503 1495 567 1565 hoc
594 1495 683 1564 idem
710 1495 869 1566 hortator
897 1501 1080 1586 postquam
1102 1515 1225 1566 aurum
1248 1495 1472 1582 spectandum

216 1635 283 1686 non
303 1618 453 1686 carmina
472 1617 676 1702 declaravit3
701 1621 740 1686 ut
758 1617 944 1706 utrobique
969 1618 1194 1687 communiter
1211 1616 1329 1686 florem
1349 1617 1472 1686 aetatis

213 1739 423 1810 carminibus
445 1741 626 1828 poetisque
658 1739 825 1829 neglectis
851 1740 895 1810 ad
919 1746 1100 1830 quaestum
1124 1732 1367 1810 conferendum
1394 1761 1470 1810 esse

214 1865 390 1934 doceatur.
414 1865 510 1933 Artis
529 1873 644 1934 autem
668 1864 864 1934 amatoriae
883 1864 983 1952 longe
1003 1864 1070 1933 alia
1088 1864 1177 1934 ratio
1196 1871 1259 1934 est.
1282 1862 1367 1932 Nam
1386 1862 1470 1952 illic,

212 1988 408 2076 priusquam
429 1973 599 2075 quomodo
619 1987 727 2057 amari
755 1995 913 2076 oporteat
940 1987 1166 2076 praecipitur,
1195 2007 1271 2058 esse
1290 1987 1469 2057 amandum

213 2109 392 2200 probatur.
418 2110 509 2198 quod
529 2111 564 2180 in
583 2110 646 2180 hac
666 2110 776 2198 elegia
795 2113 837 2180 ad
861 2118 1030 2180 amantem
1050 2111 1347 2198 pucilam-directa
1366 2110 1470 2180 tacite

213 2233 359 2304 sumitur
378 2239 413 2300 et
431 2233 582 2320 ponitur.
612 2233 726 2320 Atque
753 2239 793 2301 ut
820 2233 892 2302 eius
920 2232 1171 2302 adhortationis
1199 2253 1276 2302 cum
1305 2240 1468 2320 quaestus
1531 2293 1534 2298 .

214 2359 248 2422 et
273 2360 451 2441 poetarum
474 2355 799 2424 commemoratione
824 2356 1018 2425 coniunctio
1037 2353 1149 2424 Ovidii
1177 2354 1287 2442 elegia
1314 2353 1468 2424 defendi-

213 2481 281 2564 tur,
305 2477 354 2546 ita
378 2484 550 2547 extremus
574 2476 669 2547 locus
699 2478 898 2548 Horatianis
922 2477 1132 2547 carminibus
1150 2478 1178 2568 1,
1208 2482 1242 2547 4.
1268 2482 1325 2547 11.
1345 2478 1392 2564 ΙΙ,
1420 2482 1467 2568 3.,

211 2619 298 2690 quae
317 2601 381 2669 etsi
402 2599 532 2688 reliqua
550 2607 753 2688 argumenta
771 2602 838 2671 alia
860 2606 941 2671 suant
963 2605 1078 2670 tamen
1100 2601 1135 2670 iu
1158 2601 1284 2670 aetatis
1303 2599 1468 2672 fruendae

211 2724 483 2794 adhortationem
508 2733 647 2811 exeunt3
673 2745 878 2815 quamquam
902 2723 937 2794 iu
962 2723 1039 2795 aliis
1062 2729 1101 2794 ut
1124 2723 1169 2813 11,
1194 2727 1252 2794 14.
1273 2724 1315 2795 ab
1335 2746 1376 2795 ea
1394 2725 1469 2813 ipsa

214 2865 253 2916 re
271 2846 472 2936 principium
493 2849 651 2944 sumitur.
678 2849 854 2920 Hactenus
877 2848 920 2917 de
939 2867 1006 2917 uuo
1030 2858 1252 2937 argumento:
1282 2857 1401 2918 contra
1418 2847 1468 2918 al·

212 2971 399 3040 terumvix
418 2972 578 3059 estquod
598 2973 763 3044 dicamus.
789 2972 887 3044 Unde
915 2973 1006 3042 euim
1029 2977 1127 3059 patet
1154 2991 1275 3042 versus
1298 2971 1468 3041 contemni

212 3095 357 3164 maxime
374 3115 477 3182 aegre
499 3094 590 3168 ferre
611 3095 855 3183 Propertium?
884 3095 985 3184 unde,
1014 3095 1043 3164 si
1068 3096 1117 3164 ita
1136 3095 1192 3181 sit,
1222 3102 1373 3164 extremo
1392 3102 1467 3163 tan-

211 3226 282 3287 tum
303 3217 338 3287 id
357 3217 511 3307 profiteri
531 3218 705 3307 potuisse?
730 3219 820 3289 Nam
842 3220 943 3307 plane
967 3218 1058 3288 idem
1082 3218 1125 3288 ad
1146 3214 1305 3287 Ovidium
1326 3237 1467 3306 eamque

214 3361 313 3429 quam
334 3342 510 3412 attulimus
531 3343 674 3430 elegiam
699 3343 833 3431 attinet,
859 3342 965 3431 quisi
989 3342 1030 3412 de
1048 3341 1203 3412 versibus
1223 3361 1294 3410 uon
1313 3346 1467 3412 extremo

211 3465 299 3554 loco,
320 3464 380 3536 sed
399 3464 433 3534 iu
452 3466 565 3536 medio
584 3468 734 3536 carmine
756 3465 920 3556 loquitur,
949 3486 1011 3535 cur
1029 3465 1248 3552 Propertium
1271 3465 1466 3534 necessario

205 3588 321 3676 ipsum
343 3589 471 3658 exitum
491 3589 622 3678 elegiae
642 3588 844 3677 praetulisse
868 3589 1051 3676 putemus?
1075 3587 1241 3677 Reliquus
1260 3594 1314 3657 est
1332 3607 1381 3657 νε.
1403 3591 1463 3658 84.

212 3711 311 3782 Hunc
330 3712 418 3782 enim
440 3714 498 3798 qui
516 3712 552 3780 iu
567 3711 741 3782 codicibus
762 3712 812 3781 sic
833 3711 1020 3820 scribitur:

421 3904 491 3976 Per
509 3910 630 3973 tenues
649 3924 727 3974 08811
746 3913 824 3974 sunt
841 3913 1018 3974 numerata
1038 3910 1135 3972 CUtOS
1155 3942 1205 3954 -

210 4097 254 4169 ab
281 4095 357 4168 aliis
385 4097 486 4168 aliter
514 4104 708 4167 correctum
735 4101 769 4166 et
798 4097 1015 4185 explicatum,
1046 4095 1316 4166 Luettiohauucs
1343 4095 1465 4166 leviter

211 4229 380 4292 mutatum
398 4230 436 4291 ut
454 4221 586 4291 scribat
608 4239 780 4307 ossaque
806 4226 1034 4307 pertenues
1058 4241 1085 4289 ε.
1106 4242 1138 4289 n.
1159 4240 1189 4290 c.
1210 4219 1253 4288 de
1275 4219 1351 4290 lena
1375 4219 1465 4289 acci-

210 4345 262 4434 pit
280 4352 409 4434 etpost
427 4365 475 4414 νε.
499 4345 560 4414 69.

315 4536 430 4626 Atque
449 4537 596 4606 animam
613 4536 649 4606 iu
667 4543 800 4626 tegetes
818 4542 953 4626 putrem
972 4536 1149 4626 exspirare
1172 4540 1333 4624 paternas

212 4730 371 4848 collocat,
391 4734 427 4800 at
444 4748 493 4800 νε.
516 4731 576 4799 70.
