3600 5594
855 525 1062 594 -104-

323 733 415 807 infra
442 737 578 806 demum
606 757 626 806 a
649 756 750 807 versu
775 739 835 806 89.
867 734 908 806 de
936 742 1061 806 natura
1084 741 1119 806 et
1146 734 1281 806 nomine
1311 736 1397 806 eius.
1412 734 1587 825 disputare

324 860 456 952 incipit,
475 861 626 949 itemque
647 859 690 948 V,
715 862 800 931 183.
821 858 924 930 Flora
941 860 1126 949 implorata
1150 901 1195 914 -

481 1072 598 1142 Mater
616 1073 697 1143 ades
716 1071 852 1162 florum,
871 1072 961 1143 ludis
982 1072 1156 1144 celebrata
1173 1073 1297 1143 iocosis

381 1199 466 1271 191.
481 1195 563 1285 Ipsa
581 1196 664 1268 doce
683 1217 770 1286 quae
789 1197 853 1266 sis:
873 1196 1049 1268 hominum
1069 1197 1241 1268 sententia
1259 1195 1364 1268 fallax
1383 1235 1432 1248 -

324 1408 369 1479 ad
387 1428 526 1480 causam
546 1409 620 1478 eius
639 1409 786 1480 nominis
806 1408 1041 1498 explicandam
1059 1410 1187 1480 transit
1206 1386 1315 1481 versu
1331 1413 1420 1481 195:

468 1601 604 1674 Chloris
624 1622 730 1692 erum,
751 1624 838 1693 quae
858 1603 964 1676 Flora
982 1625 1094 1676 vocor.
1118 1603 1294 1693 Corrupta
1314 1604 1435 1677 Latino

518 1725 675 1798 Nominis
696 1732 749 1798 est
766 1728 874 1798 nostri
892 1728 994 1799 litera
1014 1725 1148 1800 Graeca
1168 1749 1262 1800 sono.

323 1938 423 2027 Quod
447 1945 563 2010 autem
586 1937 700 2010 Sancti
727 1940 990 2028 appellationem
1016 1946 1121 2030 nogat
1144 1940 1209 2011 nisi
1233 1940 1269 2009 in
1297 1946 1451 2012 extrema
1475 1941 1584 2032 elegia

320 2059 433 2133 locum
459 2062 597 2153 habere,
626 2062 663 2133 id
691 2063 831 2151 quidem
858 2064 936 2135 ideo
963 2085 1039 2134 cum
1067 2065 1141 2135 veri
1170 2066 1317 2154 quadam
1345 2065 1459 2153 specie
1488 2066 1582 2155 dicit,

320 2186 509 2275 quodcum
534 2187 620 2257 elios
643 2193 717 2257 tum
740 2187 943 2258 Homericos
967 2189 1026 2277 qui
1050 2194 1217 2258 vocantur
1240 2189 1385 2278 hymnos
1413 2189 1582 2260 similibus

320 2309 463 2381 deorum
484 2311 543 2400 qui
567 2311 786 2381 celebrantur
804 2311 964 2399 precibus
989 2318 1126 2382 constat
1148 2312 1341 2383 terminari:
1368 2313 1428 2382 sed
1453 2314 1583 2384 valeret

318 2434 378 2504 illa
396 2435 650 2525 argumentatio
671 2435 700 2504 si
719 2454 776 2504 eas
798 2455 916 2522 preces
941 2442 1147 2524 sequeretur
1170 2435 1279 2522 aliud3
1304 2456 1393 2505 nunc
1416 2456 1504 2526 quae
1527 2457 1581 2507 se·

320 2559 437 2645 quitur
464 2559 609 2629 nominis
632 2557 817 2648 explicatio
840 2563 912 2628 tam
935 2561 1077 2647 propria
1101 2566 1153 2630 est
1174 2559 1370 2630 huiusmodi
1394 2561 1581 2631 carminum

317 2682 606 2773 conclusionibus,
636 2689 673 2753 ut
701 2682 808 2772 magis
835 2682 864 2752 si
892 2681 972 2753 alibi
1000 2690 1092 2755 esset
1118 2684 1153 2753 in
1181 2683 1310 2755 exitum
1341 2681 1581 2756 transferenda

317 2826 418 2895 quem
436 2805 642 2876 removenda
660 2805 739 2876 inde
761 2805 933 2878 videatur.
962 2806 1049 2876 Item
1064 2781 1158 2876 'enirn
1178 2812 1213 2876 et
1230 2807 1424 2895 proximum
1442 2828 1580 2879 carmen

316 2928 553 3002 concluditur:

315 3140 376 3233 IV,
401 3145 460 3232 10,
478 3144 540 3212 45.
559 3139 659 3211 Nunc
678 3141 787 3229 spolia
807 3113 986 3232 intemplo
1006 3141 1075 3212 tria
1095 3142 1248 3213 condita:
1270 3163 1375 3214 causa
1393 3141 1541 3234 Feretri,

526 3263 646 3337 Omine
665 3265 755 3355 quod
775 3271 868 3336 certo
887 3264 958 3336 dux
976 3263 1058 3336 ferit
1077 3287 1158 3337 ense
1178 3266 1315 3353 ducem3

472 3387 538 3460 Seu
558 3389 637 3478 quia
656 3389 748 3460 victa
768 3389 839 3460 suis
857 3389 1012 3460 humeris
1031 3388 1115 3460 haec
1134 3411 1231 3459 arma
1249 3387 1418 3480 ferebant,

525 3513 615 3583 Hinc
634 3513 772 3583 Feretri
792 3513 883 3583 dicta
901 3519 955 3583 est
973 3533 1034 3586 ara
1054 3513 1204 3600 superba
1221 3511 1327 3584 Iovis
1348 3554 1400 3564 —

315 3712 351 3780 et
363 3703 425 3796 IV,
444 3711 478 3777 4.
492 3745 540 3758 —
556 3707 587 3778 A
606 3707 692 3778 duce
712 3707 859 3797 Tarpeio
878 3727 975 3778 mons
994 3714 1048 3777 est
1066 3726 1253 3796 cognomen
1273 3708 1433 3796 adeptus:

525 3828 553 3901 Ο
573 3831 665 3921 vigil,
685 3832 834 3902 iniustae
854 3831 1007 3920 praemia
1027 3831 1129 3902 sortis
1146 3831 1264 3903 habes.

393 4042 433 4112 ln
456 4043 608 4114 decima
635 4042 747 4129 elegia
773 4041 1044 4114 Luettiohaunes
1068 4043 1225 4114 lacunam
1249 4064 1324 4114 esse
1349 4045 1472 4114 statuit
1494 4051 1574 4116 aute
1676 4078 1683 4082 -
1755 4055 1782 4064 ‘¹

314 4188 362 4240 vs·
385 4170 450 4240 43:

469 4360 523 4429 Illi
543 4357 686 4446 virgatis
705 4358 888 4430 iaculantis
908 4358 950 4430 ab
971 4359 1104 4449 agmine
1123 4359 1257 4430 braccis
1269 4357 1301 4444 *l

521 4476 666 4571 Torquis
686 4482 730 4553 ab
749 4482 856 4554 incisa
875 4481 1001 4555 decidit
1020 4503 1109 4554 unca
1126 4480 1218 4570 gula.
1240 4523 1290 4533 —

391 4740 418 4812 *)
431 4741 571 4810 Exscripsi
584 4742 656 4796 hunc
670 4757 779 4799 versum
793 4743 840 4811 ita,
859 4746 889 4796 ut
909 4748 951 4798 est
964 4742 993 4794 iu
1006 4739 1124 4794 editione
1143 4740 1326 4810 Hertzbergii,
1345 4731 1396 4796 etsi
1411 4746 1568 4810 corruptum

312 4847 372 4888 esse
387 4829 489 4900 aliquid
504 4835 533 4886 et
545 4830 590 4886 bic
602 4831 639 4900 (in
650 4830 849 4886 commentariis
862 4829 932 4884 adh.
943 4831 972 4899 l.)
986 4829 1141 4898 suspicatur
1155 4835 1182 4884 et
1195 4845 1298 4897 omnes,
1312 4827 1384 4896 quod
1399 4829 1492 4900 sciam,
1506 4845 1569 4884 con·
