3600 5594
733 499 939 566 ...19-

205 709 295 782 Nam
314 708 431 782 iacere
448 727 487 780 so
504 707 669 797 dedicit,
694 713 733 777 ut
754 725 830 778 sea
858 707 1005 796 publicis
1024 707 1215 780 honoribus
1232 713 1402 780 remotum
1422 708 1468 782 si·

203 833 362 924 gnificet:
392 851 534 904 secures
562 833 664 921 enim,
693 851 838 922 quarum
866 831 976 910 amico
1005 851 1083 921 spes
1112 831 1169 922 sit,
1198 851 1284 903 snae
1309 831 1470 908 fortunae

89 983 91 988 ’
204 957 357 1048 opponit.
369 956 422 1028 Ac
437 956 537 1046 plane
558 955 683 1027 similia
700 955 776 1044 ipse
795 954 837 1026 de
856 975 892 1026 66
913 954 1092 1044 praedicat
1111 955 1430 1046 Ovidius-usque
1449 976 1470 1028 a
1561 956 1564 967 ’

204 1081 343 1170 proavis
361 1086 462 1152 vetus
485 1077 615 1150 ordinis
638 1078 753 1167 heret,
777 1077 856 1150 Non
879 1078 982 1150 modo
1006 1075 1168 1150 fortunae
1190 1099 1333 1150 6666666
1356 1077 1470 1152 166166

206 1224 326 1294 eones.
347 1203 467 1295 (Trist,
487 1199 549 1290 IV,
574 1205 634 1290 10,
654 1204 689 1274 7.
710 1201 769 1291 sl:

204 1382 282 1452 Am.
299 1381 327 1469 l,
346 1382 379 1470 3,
397 1381 431 1451 7.
453 1400 498 1450 ss.
519 1377 555 1450 si
573 1399 629 1450 me
643 1398 710 1449 non
726 1383 880 1449 veterum
895 1377 1134 1450 commendant
1148 1399 1273 1469 magna
1286 1383 1470 1468 parentum

221 1498 224 1507 ’
484 1505 488 1512 ’
574 1500 734 1592 Nomina,
754 1500 912 1572 61666161
933 1501 1108 1591 sanguinis
1128 1509 1250 1573 auctor
1268 1523 1385 1592 eques,

520 1627 595 1698 Nec
615 1645 714 1698 meus
732 1624 923 1696 innumeris
937 1631 1123 1697 renovatur
1138 1646 1277 1716 campus
1292 1626 1469 1697 aratris-

206 1750 247 1821 A.
269 1751 310 1819 A.
336 1751 386 1838 ΙΙ,
410 1752 495 1821 165.
564 1747 781 1839 Pauperibus
798 1750 1467 1840 vatesegosum,quiapauperamavi;-

206 1943 331 2014 similia
357 1945 440 2015 item
462 1943 636 2032 Tibullus,
660 1942 760 2014 cuius
783 1939 946 2012 fortunae
966 1941 1141 2032 Propertii
1165 1941 1340 2015 fortunam
1364 1942 1471 2014 luisse

207 2065 352 2137 similem
363 2067 518 2138 cernitur
531 2087 573 2136 ex
585 2066 646 2138 illa
659 2066 804 2156 pertica,
822 2065 923 2137 cuins
936 2068 1143 2137 mentionem
1159 2065 1470 2158 facitlv,1,1ao.:

311 2257 399 2330 Nam
418 2266 480 2334 tua
498 2280 575 2330 cunr
595 2259 694 2330 multi
713 2267 891 2331 versarent
910 2282 996 2330 rura
1014 2261 1162 2348 invenci,

390 2382 545 2453 Abstulit
564 2383 718 2454 excultas
736 2383 871 2472 pertica
888 2384 1001 2454 tristis
1021 2404 1113 2472 opes.
1135 2423 1185 2472 7-

285 2573 443 2662 Quintam
463 2575 608 2662 elegiam
630 2583 669 2646 ut
686 2575 862 2665 Propertii
886 2582 990 2665 neget
1017 2551 1092 2648 esse
1112 2576 1289 2648 Oaruttius
1317 2582 1474 2650 movetur

204 2699 352 2786 septima
370 2698 480 2786 elegia
497 2699 601 2788 primi
619 2699 700 2769 libri
714 2699 880 2770 Amorum
900 2698 1024 2771 Ovidii.
1047 2701 1158 2771 Simili
1178 2706 1258 2772 sunt
1276 2698 1399 2789 factae,
1419 2700 1471 2770 in·

206 2822 291 2912 quit,
312 2827 525 2910 argumento,
547 2822 651 2892 simili
669 2823 880 2910 inventione,
907 2825 1061 2913 quamvis
1085 2823 1245 2895 dissimili
1263 2823 1418 2894 oratione
1438 2827 1474 2894 et

207 2942 299 3033 stilo,
319 2943 485 3035 additque
505 2949 664 3015 neutrum
683 2946 796 3018 altero
817 2947 1006 3018 verisimile
1032 2968 1107 3018 esse
1132 2950 1180 3019 ita
1204 2947 1361 3046 abusupn,
1383 2945 1473 3035 Cyn·

206 3066 314 3136 thiam
333 3086 497 3156 nusquam
518 3069 697 3159 nominari,
723 3069 782 3158 qui
804 3070 861 3140 hic
886 3079 1046 3142 narretur
1069 3090 1186 3140 rerum
1210 3077 1322 3141 status
1342 3089 1419 3139 eum
1437 3068 1474 3137 in

206 3189 299 3259 illam
323 3209 389 3260 non
419 3189 557 3262 cadere.
584 3192 725 3278 Fateor3
751 3193 899 3263 interest
922 3193 1052 3282 aliquid
1070 3195 1255 3263 inteream
1277 3190 1471 3280 Cynthium,

207 3331 293 3402 quae
312 3333 391 3384 cum
410 3314 542 3385 mannis
560 3314 754 3386 Lanuvium
779 3314 919 3386 vehitur
941 3315 1235 3404 praetereuntium
1260 3311 1379 3385 oculos
1397 3313 1472 3384 ani-

206 3457 349 3526 mosque
377 3437 563 3527 convertit,
593 3438 740 3508 ethanc
764 3438 913 3526 puellam
938 3457 1126 3527 quaecum
1154 3437 1248 3526 turpi
1276 3435 1411 3508 anicula
1438 3437 1474 3505 in

206 3558 333 3649 frigida
350 3560 494 3649 pergula
513 3560 657 3632 habitat.
682 3560 749 3632 Sed
771 3581 882 3651 neque
906 3560 993 3632 illud
1015 3582 1221 3652 quemquam
1245 3540 1331 3650 sugit
1348 3559 1472 3631 huius·

207 3684 299 3754 modi
327 3682 507 3754 mulierum
535 3681 709 3754 fortunam
737 3685 962 3775 gravissimis.
977 3684 1274 3757 vicissitudinibus
1303 3683 1473 3754 obiectam

101 3816 104 3822 '
208 3826 300 3895 esse,
328 3826 392 3876 nec
417 3804 601 3896 Oynthiam
625 3807 699 3897 hic,
729 3828 799 3879 non
827 3808 927 3886 aliam
957 3807 1142 3898 significari
1167 3808 1381 3897 exploratum
1407 3808 1471 3875 cst.

206 3928 315 4000 Immo
335 3950 415 4024 curn
431 3930 496 4001 hoc
516 3949 653 4019 quoque
673 3950 811 4002 carmen
830 3953 873 4002 ex
891 3933 1044 4003 metricis
1067 3931 1261 4002 rationibus
1278 3928 1490 4020 posteriore-

206 4059 364 4142 tenrpore
384 4053 553 4142 scriptum
571 4052 742 4145 videatur,
763 4055 863 4144 plane
880 4076 949 4126 non
970 4055 1136 4126 dissimile
1156 4056 1231 4127 veri
1251 4060 1302 4125 est
1319 4053 1470 4141 Proper-

102 4154 105 4162 ’
208 4177 295 4246 tium
313 4182 352 4247 ut
369 4176 450 4247 olim
469 4175 606 4248 discidii
626 4181 784 4266 tempore
804 4199 883 4249 cum
906 4178 1031 4250 vilibus
1054 4199 1127 4250 rem
1151 4177 1314 4249 habuerit
1331 4177 1381 4246 ita
1398 4180 1472 4245 tum

208 4318 330 4370 rursus
358 4299 474 4372 alieno
501 4299 613 4370 amori
640 4301 803 4372 seruisse.
836 4301 927 4390 Quin
957 4301 1050 4393 quod
1076 4303 1163 4374 baec
1186 4301 1300 4391 puella
1323 4296 1473 4368 fortasse

209 4421 329 4492 eadem
351 4429 418 4512 est,
440 4443 542 4514 quae,
566 4421 670 4496 modo
691 4445 754 4514 per
777 4424 863 4496 viles
886 4425 1043 4526 inspecta
1065 4433 1118 4498 661
1140 4424 1278 4515 publica
1299 4427 1429 4508 noctes,
1452 4440 1474 4491 a

210 4565 277 4637 qua
295 4543 344 4646 V,
362 4550 396 4618 7.
417 4547 541 4646 umbra
560 4545 730 4638 Cynthiae
750 4569 828 4620 eum
851 4551 964 4620 teneri
984 4549 1163 4640 queritur?
1182 4549 1474 4636 Argumentorum

208 4689 289 4742 vero
309 4689 409 4759 quem
428 4669 617 4743 similitudo
642 4669 794 4762 offendit,
814 4673 844 4744 is
862 4692 901 4743 se
919 4693 1008 4763 quae
1021 4673 1112 4744 ratio
1131 4677 1166 4744 et
1184 4669 1404 4743 necessitudo
1421 4669 1474 4738 in·

209 4799 263 4865 ter
300 4792 470 4884 elegiacos
502 4793 594 4866 illius
626 4795 792 4887 temporis
825 4801 946 4886 poetas
977 4796 1168 4869 intercedat
1203 4795 1305 4884 plane
1340 4793 1476 4864 nescire

1263 4914 1278 4949 e
