3600 5594
704 447 938 516 ..83-

288 654 447 744 Jamque
466 657 588 744 patent
605 653 733 724 iterum
750 662 907 728 reserato
927 676 1068 730 carcere
1086 663 1217 747 postes.

342 778 468 850 Evolat
488 777 649 849 admissis
669 778 820 852 discolor
837 801 960 870 agmen
978 782 1089 872 equis.
1240 857 1242 862 ,

292 901 408 974 Nunc
428 903 551 973 saltem
573 922 711 992 supera,
733 905 916 994 spatioque
935 907 1078 995 insurge
1096 909 1245 996 patenti.

344 1023 421 1095 Sint
439 1044 529 1112 mea,
546 1025 618 1098 sint
636 1026 792 1098 dominae
811 1026 865 1100 fac
879 1035 955 1102 rata
975 1035 1055 1101 vota
1074 1050 1181 1102 meae.
1194 1071 1247 1082 --

184 1201 299 1290 Atque
319 1201 404 1273 item
424 1201 501 1271 Am.
523 1200 552 1290 Ι,
575 1206 610 1290 6,
634 1205 693 1273 57.

168 1359 183 1494 ΙΙ
291 1393 364 1467 Aut
382 1415 445 1486 ego
463 1396 539 1466 iam
559 1395 723 1483 ferroque
742 1397 883 1486 ignique
902 1400 1059 1487 paratior
1079 1399 1154 1488 ipse

346 1519 454 1607 Quem
475 1517 551 1592 face
571 1521 725 1591 sustineo
746 1525 839 1592 tecta
858 1520 1010 1611 superba
1027 1526 1145 1610 petam
1165 1561 1216 1574 -·

183 1710 233 1782 ita
253 1712 354 1804 dicit,
379 1718 419 1782 ut
443 1712 478 1783 id
498 1719 634 1808 tempus
654 1734 722 1802 qno
743 1713 785 1784 de
804 1714 972 1802 obsequio
993 1714 1154 1786 ianitoris
1174 1714 1336 1804 desperat
1355 1716 1397 1786 ab
1417 1736 1457 1787 eo

183 1839 343 1925 tempore
368 1856 434 1925 quo
459 1835 525 1907 sibi
550 1837 625 1907 eius
641 1837 789 1926 gratiam
807 1837 873 1908 hoc
891 1839 968 1926 ipso
988 1838 1023 1908 in
1043 1841 1195 1909 carmine
1214 1839 1459 1910 conciliaturus

185 1958 368 2031 videbatur
386 1960 558 2049 seiungat.
593 1959 667 2030 Nec
689 1960 847 2031 Catullus
867 1962 902 2031 in
922 1961 1137 2032 nobilissimo
1157 1963 1216 2032 illo
1237 1963 1459 2052 epithalamio
1603 1988 1605 1993 ·

183 2081 276 2152 LIX.
299 2104 376 2154 cum
396 2105 444 2153 vs,
471 2085 555 2153 184.
578 2083 664 2154 dicit

502 2275 580 2347 Jam
601 2277 684 2347 licet
703 2278 834 2366 venias,
854 2279 980 2349 marite
993 2317 1040 2330 -

184 2466 275 2538 idem
295 2477 431 2559 tempus
451 2469 622 2559 significat
645 2471 689 2541 de
713 2493 781 2560 quo
801 2475 881 2540 ante
902 2471 989 2542 dixit
1007 2478 1069 2542 aut
1087 2472 1196 2560 idem,
1226 2471 1267 2542 de
1293 2493 1361 2562 quo
1379 2493 1458 2543 mox

184 2611 234 2662 vs.
260 2593 345 2662 195.

502 2785 580 2857 Jam
599 2788 708 2877 venis,
729 2787 851 2877 inquit,
872 2787 964 2858 hona
983 2796 1018 2860 te
1037 2789 1157 2859 Venus

501 2909 644 2984 Iuverit.

263 3101 448 3190 Reliquum
478 3110 532 3172 est
561 3102 603 3172 de
627 3101 762 3172 Philota
786 3110 822 3173 et
845 3101 1070 3174 Callimacho.
1107 3104 1176 3174 Sed
1198 3103 1294 3172 illum
1321 3103 1460 3192 quidem

182 3245 248 3294 non
279 3225 390 3294 solum
419 3226 589 3296 amatoria
618 3226 771 3297 carmina
795 3227 978 3316 scripsisse
1005 3231 1040 3297 et
1060 3225 1178 3296 Battin
1202 3226 1385 3314 quamdam
1407 3226 1461 3297 vel

179 3323 296 3420 'Biltin
318 3347 518 3420 celebrasse
538 3355 690 3438 constat,
717 3349 777 3418 sed
798 3350 882 3420 satis
902 3349 1089 3420 verisimile
1110 3354 1164 3420 est
1183 3369 1223 3419 ea
1243 3349 1348 3419 etiam
1368 3369 1459 3420 com·

182 3473 341 3561 posuisse
370 3492 458 3562 quae
486 3474 529 3545 ab
557 3474 662 3545 huius
691 3472 815 3562 eligiae
842 3493 970 3562 genere
999 3495 1066 3543 non
1093 3473 1240 3543 multum
1264 3471 1458 3545 differrent.

183 3594 271 3666 Nam
290 3597 350 3685 qui
369 3597 617 3668 accuratissme
642 3598 685 3668 de
710 3617 751 3667 eo
771 3598 913 3687 scripsit
931 3597 1097 3668 Nicolaus
1116 3596 1269 3668 Bachius
1289 3596 1460 3690 (Philotae

182 3718 244 3791 Coi
262 3719 560 3792 Hermcsianactis
582 3719 785 3811 Colophonii
804 3727 908 3811 atque
929 3718 1117 3790 Phanoclis
1137 3719 1319 3808 reliquiae.
1359 3718 1459 3790 Halis

182 3841 355 3914 Saxonum
384 3847 497 3915 1829.
517 3864 595 3932 pag.
622 3846 693 3935 18.)
717 3866 785 3916 101
808 3843 911 3915 modo
931 3841 1046 3932 elegos
1065 3843 1161 3912 illum
1181 3848 1217 3913 et
1235 3843 1460 3913 hexametros

183 3973 219 4039 et
241 3967 374 4039 iambos
398 3968 502 4038 docet
525 3967 791 4056 conscripsisse,
822 3968 884 4038 sed
904 3968 1008 4038 etiam
1027 3985 1069 4036 ex
1088 3966 1157 4036 illis
1175 3965 1388 4036 hexametris
1408 3964 1464 4035 vel

182 4090 289 4180 elegis
317 4091 498 4161 nonnullos
527 4090 634 4161 libros
662 4091 898 4180 inscripsisse:
929 4080 1116 4182 Δήμητρα,
1142 4081 1269 4182 Ἑρμῆ,
1299 4085 1460 4178 Παίγνια,

176 4207 466 4308 Ἐπιγράμμασι,
487 4235 529 4286 ex
553 4213 678 4304 quibus
703 4216 840 4303 priores
859 4218 956 4285 certe
976 4213 1061 4284 duos
1080 4214 1265 4285 admodum
1283 4209 1462 4302 probabile

182 4339 290 4410 estin
309 4338 537 4428 religionibus
557 4337 769 4429 exponendis
789 4357 866 4408 esse
886 4343 1054 4408 versatos.
1092 4335 1283 4407 Praeterea
1304 4333 1461 4421 Proper·
1580 4433 1581 4438 Ἰ

181 4463 264 4552 tius,
284 4467 325 4534 ut
341 4462 595 4553 Hertzbergius
615 4461 754 4551 Quaest.
775 4462 880 4550 Prop.
901 4481 935 4550 p.
961 4463 1046 4531 194.
1068 4464 1197 4552 monet,
1222 4459 1280 4528 hic
1299 4475 1463 4528 versuum

182 4586 292 4676 magis
311 4587 482 4657 rationem
504 4587 744 4676 sermonisque
765 4585 974 4675 elegantiam
994 4603 1096 4672 quam
1116 4587 1321 4671 argumenta
1335 4585 1464 4651 etcau-

148 4797 151 4803 ¹
183 4729 240 4782 sas
260 4708 378 4782 dicere
397 4714 523 4799 potest,
545 4729 622 4780 cum
641 4709 734 4780 illius
752 4728 838 4801 prae
853 4727 891 4779 se
905 4705 975 4776 fert
984 4704 1225 4776 imitationem.
1246 4699 1462 4794 Quamquam

1217 4821 1250 4876 3*
