3600 5594
851 521 1061 588 -102—

324 729 404 801 Non
428 749 495 817 quo
515 731 686 800 sententia
705 729 776 798 eius
796 729 838 798 ab
858 729 1017 800 hocloco
1036 750 1180 817 prorsus
1198 729 1311 802 aliena
1330 731 1390 817 sit,
1416 732 1478 801 sed
1497 731 1588 823 quod

324 853 461 924 omnino
481 853 573 924 idem
593 873 712 923 versus
730 853 784 921 bis
802 853 838 920 in
857 853 977 924 eodem
996 853 1146 923 carmine
1165 854 1313 943 positus,
1335 855 1401 925 nisi
1421 875 1488 945 quo
1508 876 1587 926 con-

325 977 402 1048 silio
419 976 465 1047 sit
477 977 645 1066 repetitus
665 981 819 1066 apparet,
841 976 1070 1064 suspicionem
1091 981 1214 1047 movet.
1236 977 1384 1048 Accedit
1397 983 1438 1048 ut
1451 977 1587 1062 inNea-

325 1101 476 1189 politano
495 1100 612 1171 codice
632 1101 693 1170 sit:
719 1101 882 1191 Accipit
904 1121 968 1189 pro
988 1099 1193 1190 Accipite,
1217 1122 1259 1171 ex
1277 1123 1345 1192 quo
1365 1103 1588 1190 imperativus

325 1243 365 1295 eo
389 1224 530 1295 consilio
554 1222 665 1294 factus
690 1224 845 1312 videtur,
869 1229 908 1293 ut
931 1244 1045 1294 sermo
1069 1225 1159 1294 inter
1180 1246 1216 1295 se
1235 1225 1447 1296 cohaereret.
1470 1265 1519 1277 —
1539 1226 1587 1296 At

324 1348 401 1418 iure
420 1354 537 1419 nostro
558 1369 679 1418 rursus
699 1349 791 1418 tueri
809 1349 967 1418 videmur
984 1369 1052 1419 νεε.
1074 1353 1136 1420 43.
1157 1370 1186 1419 ε.
1290 1331 1292 1342 ’

533 1559 660 1647 Quodsi
681 1560 803 1631 Iunoni
823 1580 959 1631 sacrum
978 1557 1141 1631 faceretis
1160 1579 1296 1630 amarae

586 1685 664 1756 Nou
684 1685 866 1755 clausisset
884 1705 991 1773 aquas
1009 1685 1090 1774 ipsa·
1103 1704 1255 1756 noverca
1274 1704 1354 1756 suas
1368 1723 1432 1772 -‚

324 1917 410 1987 quos
429 1897 699 1968 Luettiohannes
719 1904 799 1968 ante
812 1918 861 1968 νε.
881 1902 941 1968 67.
958 1897 1030 1968 vult
1046 1898 1239 1968 collocatos.
1260 1896 1359 1985 Quod
1374 1898 1465 1966 enim
1483 1901 1587 1985 negat

323 2019 511 2092 Herculem
531 2021 706 2092 exclusum
725 2043 801 2092 esse
821 2043 841 2093 a
859 2020 1010 2093 fontibus
1028 2027 1281 2112 proptereaque
1300 2021 1518 2092 clausisset
1536 2019 1586 2090 ait

323 2165 506 2236 perperam
525 2167 588 2235 pro
609 2145 822 2217 clauderet
840 2166 917 2216 esse
935 2146 1100 2235 positum,
1119 2144 1155 2216 id
1173 2167 1276 2236 quam
1294 2145 1378 2216 nihil
1395 2144 1511 2216 valeat
1532 2143 1584 2215 in-

325 2271 492 2360 telligitur
511 2290 554 2340 ex
572 2291 621 2340 νε.
644 2272 705 2341 23.

535 2481 603 2553 Sed
621 2482 743 2571 procul
761 2481 944 2553 inclusas
963 2482 1059 2554 audit
1077 2483 1193 2553 ridere
1211 2483 1342 2571 puellas
1365 2523 1410 2536 -

325 2667 360 2730 et
375 2679 417 2729 ex
432 2681 482 2731 vs.
497 2662 556 2730 32.
586 2659 635 2730 Et
647 2659 731 2730 iacit
749 2667 828 2729 ante
846 2658 939 2730 fores
958 2659 1066 2729 verba
1083 2659 1219 2730 minora
1237 2658 1303 2730 deo
1326 2699 1373 2711 -

325 2914 377 2927 -
396 2893 509 2964 neque
529 2876 618 2944 enirn
637 2873 816 2965 quisquam
837 2881 915 2944 ante
934 2877 1072 2961 apertas
1091 2869 1182 2943 fores
1206 2879 1246 2942 ut
1268 2872 1470 2944 admittatur
1486 2871 1584 2963 flagi-

323 3005 445 3070 tat-
464 3005 499 3070 et
518 3020 559 3069 ex
577 3019 626 3069 νε.
649 3000 709 3068 34.

587 3208 733 3282 Pandite
751 3209 895 3281 defessis
914 3209 1051 3298 hospita
1068 3206 1146 3280 fana
1165 3209 1250 3280 viris
1268 3249 1320 3260 -

324 3427 353 3497 si
376 3425 514 3514 quidem
538 3441 626 3511 quae
648 3422 753 3510 pandi
780 3421 938 3493 iubemus
961 3442 1002 3492 ea
1025 3442 1092 3492 non
1116 3421 1258 3492 dubium
1280 3427 1334 3493 est
1362 3422 1444 3510 quiu
1471 3422 1586 3494 clausa

325 3550 405 3620 sint.
435 3546 533 3635 Quod
556 3553 672 3617 autem
694 3554 796 3636 negat
818 3547 1004 3617 Herculem
1026 3546 1165 3616 Iunonis
1187 3565 1289 3635 posse
1316 3567 1440 3616 nomen
1467 3545 1585 3617 dicere

327 3673 407 3762 quia
426 3671 523 3742 cuius
542 3669 625 3742 deae
645 3671 774 3742 sithoc
793 3669 911 3741 lanum
930 3669 1073 3758 nesciat,
1097 3668 1134 3739 id
1152 3668 1181 3739 si
1206 3670 1288 3758 quid
1312 3675 1405 3742 esset
1428 3669 1585 3743 offensio·

326 3797 380 3868 nis
398 3797 502 3866 etiam
520 3791 696 3868 translatis
716 3797 759 3866 iis
780 3795 937 3866 versibus
956 3803 1124 3882 maneret,
1145 3795 1174 3864 si
1194 3793 1332 3884 quidem
1347 3811 1434 3885 quae
1452 3795 1502 3866 ibi
1522 3795 1586 3866 dea

326 3921 459 3993 colatur
488 3942 529 3991 ne
557 3919 717 3992 sacerdos
746 3918 884 4007 quidem
912 3915 1089 4006 patefacit,
1118 3919 1183 3988 etsi
1211 3941 1259 3991 vs.
1289 3924 1348 3992 55.
1383 3919 1584 4009 Interdicta,

325 4045 448 4135 inquit,
469 4045 551 4115 viris
569 4044 752 4114 metuenda
770 4042 845 4132 lege
863 4041 980 4133 piatur
998 4062 1085 4130 quae
1104 4063 1142 4114 se
1165 4051 1336 4116 summota
1357 4046 1587 4117 vindicatura

326 4188 416 4240 casa.
446 4169 661 4256 Frustraque
680 4168 741 4256 ait,
765 4166 794 4236 si
816 4173 855 4238 ut
873 4167 968 4237 Deus
987 4169 1093 4239 sciret
1110 4168 1226 4242 Bonae
1251 4172 1346 4240 Deae
1369 4191 1445 4242 esse
1468 4168 1584 4240 fanum

327 4292 552 4382 hoc'quoque
576 4291 744 4362 sciturum
768 4309 843 4362 esse
867 4291 909 4362 ad
934 4292 1008 4362 eius
1032 4313 1131 4363 sacra
1153 4293 1319 4364 accedere
1341 4294 1426 4365 uiris
1451 4315 1519 4364 non
1541 4293 1584 4364 li·

327 4435 417 4488 cere.
457 4414 543 4486 Cum
572 4415 662 4484 enim
689 4435 766 4486 mox
793 4416 859 4485 etsi
886 4415 1016 4486 audivit
1047 4418 1131 4489 viris
1162 4418 1294 4488 aditum
1325 4439 1393 4489 non
1425 4421 1583 4508 permitti

326 4539 419 4610 nulla
437 4538 603 4627 religione
620 4538 816 4628 prohibitus
835 4539 870 4608 ri
888 4539 1069 4629 irrumpat,
1089 4542 1192 4611 etiam
1210 4542 1305 4630 prius
1325 4549 1363 4613 ut
1382 4544 1587 4641 admittere-¹

326 4671 386 4734 tur
403 4666 540 4753 poterat
556 4661 711 4753 flagitare
731 4663 797 4734 etsi
816 4670 851 4734 et
871 4684 959 4754 quae
979 4665 1043 4734 dea
1061 4671 1096 4734 et
1114 4667 1283 4758 quomodo
1302 4668 1477 4740 coleretur
1495 4671 1583 4740 scie·

325 4785 396 4856 bat.
425 4785 520 4857 Nihil
537 4787 644 4878 igitur
663 4787 871 4878 relinquitur
889 4808 951 4860 cur
972 4787 1067 4858 illum
1090 4791 1243 4868 nescisse
1265 4798 1424 4882 putemus
1446 4793 1584 4866 Iunonis
