3600 5594
876 495 1081 564 ..74-

353 707 457 778 verba
479 729 597 777 eorum
618 706 762 796 prolert3
798 705 921 777 LXIII.
938 709 1029 794 Atyn
1048 707 1144 794 prius
1162 725 1239 776 oum
1268 711 1421 776 tremore
1440 705 1608 776 dicentem

352 829 433 901 iacit
452 851 500 900 ns.
523 836 578 901 ll.

401 1013 408 1026 “
432 1006 562 1077 Camere
581 1008 665 1077 haec
684 1007 756 1086 suis
776 1008 896 1077 adorta
915 1012 967 1075 est
986 1003 1209 1076 tremebunda
1230 1005 1423 1092 comitibus,
1445 1043 1495 1056 -

355 1181 477 1251 deinde
497 1204 546 1252 vs
577 1186 636 1253 49.
659 1195 788 1252 maesta
809 1204 905 1253 voce:
956 1203 958 1207 ·

485 1359 635 1428 Patriam
656 1357 803 1428 allocuta
824 1374 950 1429 maesta
969 1367 1021 1429 est
1040 1361 1089 1429 ita
1110 1380 1191 1430 voce
1210 1359 1406 1427 miscriter:
1424 1396 1473 1462 ‘,

353 1551 389 1610 at
407 1539 503 1611 duita
522 1545 677 1612 oratione
694 1563 794 1612 rosea
814 1543 844 1612 ei
863 1541 952 1612 labia
973 1543 1094 1612 tribuit
1111 1564 1162 1613 vs.
1185 1545 1253 1629 743

564 1724 684 1792 Roseis
703 1730 742 1791 ut
760 1721 838 1792 huic
858 1721 989 1792 labellis
1008 1725 1140 1792 sonitus
1161 1721 1251 1792 celer
1270 1723 1366 1793 abiit.

302 1962 305 1969 ·
352 1932 453 2020 Apud
482 1931 652 2002 Tibullum
681 1934 718 2022 l,
754 1938 802 2020 6,·
831 1938 890 2004 49.
925 1935 1084 2004 sacerdos
1111 1933 1295 2022 Bellonae,
1329 1956 1405 2005 cum
1434 1933 1504 2004 fata
1532 1935 1603 2005 dic·

351 2061 431 2124 tura
458 2062 530 2126 est:

481 2266 556 2337 Stat
575 2269 667 2356 (que)
685 2269 775 2339 latus
794 2267 943 2357 praelixa
962 2290 1058 2357 veru,
1079 2277 1148 2340 stat
1166 2272 1281 2341 saucia
1300 2279 1436 2358 pectus3

352 2456 397 2545 Il,
420 2461 453 2547 5,
476 2463 535 2530 68.
557 2459 684 2550 Sibylla
703 2461 906 2532 vaticinata:

611 2653 757 2725 laetavit
775 2653 868 2726 fusas
887 2658 947 2747 (et)
966 2665 1067 2744 caput
1085 2663 1166 2728 aute
1186 2677 1311 2728 comas.
1331 2691 1335 2702 ·
1458 2697 1460 2704 ·

350 2863 515 2935 Horatius
526 2865 634 2954 Epod.
647 2866 703 2957 V.,
714 2877 894 2956 postquam
903 2869 1002 2963 pueri
1017 2833 1205 2938 orationem
1221 2871 1390 2960 exposuit,
1401 2890 1468 2940 uss.
1484 2873 1542 2939 ll.
1554 2888 1600 2938 ss.
1713 2937 1719 2950 ,

349 2986 433 3058 haec
453 2989 567 3058 addit:

558 3183 606 3256 Ut
623 3186 709 3256 haec
729 3186 888 3256 trementi
908 3195 1047 3276 questus
1067 3206 1126 3257 ore
1146 3187 1302 3257 constitit

611 3309 804 3397 Insignibus
823 3314 931 3399 raptis
950 3332 1046 3400 puer,

557 3433 698 3521 Impube
717 3454 849 3521 corpus,
870 3435 969 3522 quale
988 3442 1105 3522 posset
1123 3435 1227 3522 impia

608 3555 745 3628 Mollire
765 3557 935 3628 Thracum
954 3569 1104 3646 pectora.
1127 3597 1175 3608 -—

350 3759 462 3834 Multo
481 3781 563 3829 vero
582 3759 690 3833 maior
717 3759 878 3829 similium
905 3759 1055 3829 locurum
1084 3780 1246 3830 numerus
1275 3758 1365 3850 apud
1392 3757 1451 3832 e'os
1480 3768 1599 3851 poetas

350 3893 414 3973 est,
434 3887 491 3973 qui
511 3905 588 3954 cum
606 3883 738 3955 fabulas
757 3890 898 3953 narrent
915 3883 1042 3953 multos
1066 3883 1218 3953 dicentes
1236 3881 1384 3971 faciunt3
1414 3904 1455 3955 ex
1475 3887 1598 3975 quibus

349 4009 405 4079 hic
425 4010 507 4081 satis
528 4009 593 4078 erit
612 4029 653 4077 ex
671 4007 784 4079 Ovidii
803 4007 916 4077 Fastis
935 4007 1018 4077 haec
1038 4008 1205 4078 attulisse.

348 4203 442 4275 Fast.
473 4203 498 4288 Ι,
533 4206 591 4273 99.
612 4201 672 4272 Ille
699 4202 736 4294 (i.
765 4224 796 4273 e.
824 4201 940 4292 lanus)
971 4209 1088 4273 tenens
1116 4203 1237 4272 dextra
1264 4201 1422 4273 baculum
1451 4203 1597 4276 clavem-

1285 4347 1350 4414 que
1370 4327 1509 4399 sinistra

662 4450 781 4520 Edidit
798 4451 860 4520 hos
878 4450 978 4520 nobis
998 4470 1056 4521 ore
1076 4450 1191 4540 priore
1210 4468 1321 4519 sonos.

438 4655 484 4726 ib.
504 4657 587 4726 177.
608 4653 691 4722 Tum
713 4651 805 4722 Deus
824 4651 1021 4723 incumbens
1034 4649 1166 4738 baculo,
1183 4652 1423 4762 quem'dextra
1442 4651 1596 4742 gerebat,

663 4775 784 4847 Omina
802 4775 992 4865 principiis,
1012 4773 1134 4863 inquit,
1155 4767 1264 4846 inesse
1284 4777 1405 4848 solent
