3600 5594
757 469 964 536 —103—

231 693 271 746 ea
287 693 387 744 sacra
405 694 472 744 non
491 693 583 760 esse;
605 695 679 746 cum
699 681 814 746 autem
834 683 907 748 tota
926 678 1081 748 oratione
1097 677 1132 748 id
1147 677 1268 768 puellis
1281 678 1492 768 persuadere
1517 717 1519 726 r

234 797 385 887 studeat,
407 804 445 868 ut
464 818 501 867 se
520 797 562 868 ad
581 795 710 869 fontem
734 799 929 889 admittant,
954 802 995 874 ad
1020 809 1153 874 ceteras
1177 823 1260 892 quas
1282 800 1416 891 profert
1436 824 1493 874 ra-

229 921 353 1008 tiones,
379 922 423 992 ad
446 921 659 992 nobilitatem
685 944 782 994 suam
807 930 842 994 et
866 925 1092 997 innocentiam
1122 927 1208 996 illud
1236 946 1370 1015 quoque
1399 947 1490 998 corn·

229 1045 330 1114 mode
353 1044 519 1135 adiungit,
538 1054 579 1116 ut
601 1065 644 1116 ne
668 1048 938 1119 inimicissimam
965 1050 1103 1139 quidem
1127 1051 1226 1120 deam
1246 1069 1334 1138 aqua
1354 1071 1390 1121 se
1410 1071 1492 1139 pro-

229 1168 415 1240 hibituram
443 1171 634 1241 admoneat.
675 1170 771 1260 Quae
798 1172 982 1243 admonitio
1017 1195 1094 1243 cum
1127 1175 1252 1244 ceteris
1279 1175 1491 1263 argumentis

229 1299 302 1395 tam
327 1294 413 1364 hene
443 1295 615 1386 cohaeret,
646 1301 754 1366 utne
783 1297 953 1368 excidisse
983 1299 1117 1386 quidem
1143 1297 1329 1388 quidquam
1352 1305 1492 1386 praeter
1552 1327 1556 1340 r

228 1417 325 1489 illum
344 1439 482 1490 versum
502 1423 577 1510 42„
599 1420 654 1489 cui
676 1423 736 1491 66.
759 1421 966 1491 substitutus
991 1429 1055 1511 est,
1081 1421 1251 1511 videatur,
1275 1427 1314 1491 ut
1334 1420 1491 1493 Luettio-

229 1544 335 1614 hanni
358 1543 485 1633 placet.
514 1542 623 1630 Quam
646 1544 736 1614 enim
759 1545 816 1614 ille
840 1545 1045 1617 seutentiam
1070 1545 1244 1617 desiderat
1267 1546 1398 1618 aditum
1426 1545 1493 1616 sibi

229 1667 447 1758 postulantis,
477 1689 517 1738 ea
544 1670 636 1757 quod
665 1670 799 1759 inipso
824 1670 923 1740 initio
948 1671 1114 1740 orationis
1143 1678 1196 1741 esc
1222 1669 1337 1759 posita
1364 1671 1441 1760 (34.
1462 1689 1490 1740 s,

228 1792 374 1863 Pandite
395 1789 536 1862 defessis
555 1792 693 1880 hospita
711 1791 790 1863 fana
808 1794 904 1864 viris
936 1794 1058 1864 Fontis
1076 1814 1181 1882 egens
1201 1794 1293 1882 erro)
1317 1793 1373 1863 hic
1391 1812 1491 1883 prae-

230 1925 286 1987 ter
314 1917 555 1988 necessitatem
584 1917 891 2006 redintegraretur.
917 1957 966 1970 --
995 1918 1034 1988 In
1062 1919 1248 2021 postremis
1277 1917 1418 1988 duobus
1438 1916 1491 1988 di·

229 2043 370 2115 stichis:
1494 2055 1496 2060 ’

363 2237 487 2310 Sancte
506 2241 619 2327 pater,
640 2236 744 2325 salve,
764 2238 820 2306 cui
838 2237 905 2308 iam
925 2233 1016 2308 iavet
1039 2256 1159 2326 aspera
1176 2236 1278 2305 Iuno:

415 2362 548 2447 Sancte,
569 2361 655 2432 velis
673 2360 761 2430 libro
781 2359 906 2430 dexter
925 2361 1037 2432 inesse
1056 2380 1143 2430 meo.

361 2482 476 2574 Hunc,
498 2484 660 2571 quoniam
677 2481 838 2554 manibus
856 2491 1042 2573 purgatum
1062 2490 1222 2556 sanxerat
1239 2483 1368 2572 orbem,

415 2608 472 2680 Sic
493 2608 654 2679 Sanctum
676 2608 798 2679 Tatiae
818 2628 1039 2699 composuere
1060 2607 1171 2680 Cures
1191 2647 1241 2658 —-

736 2752 741 2764 1

230 2819 505 2892 Luettiohaunes
524 2819 714 2892 Diltheium
734 2819 802 2910 (De
818 2817 1016 2890 Callimachi
1033 2818 1191 2910 Gydippa
1203 2840 1237 2908 p.
1258 2821 1343 2891 106.
1363 2815 1495 2906 annot.)

230 2947 398 3034 sequitur,
420 2944 478 3031 qui
498 2945 655 3014 ordinem
674 2964 792 3013 eorum
812 2943 861 3014 ita
884 2943 1037 3031 invertit,
1062 2950 1101 3013 ut
1124 2943 1217 3033 quod
1240 2942 1398 3013 ultimum
1417 2944 1494 3012 erat

229 3067 265 3137 id
283 3067 542 3156 paenultimum‚
563 3066 657 3156 quod
674 3067 917 3155 paenultimum
937 3065 973 3136 id
992 3067 1150 3136 ultimum
1173 3065 1287 3136 iaciat.
1326 3063 1392 3152 Qui
1415 3072 1493 3135 cuni

230 3190 355 3280 quihus
374 3190 566 3260 rationibus
585 3195 767 3260 moveatur
786 3189 1003 3278 paucissimis
1022 3189 1137 3260 verbis
1157 3189 1305 3278 aperiat,
1325 3190 1400 3277 ipsa
1419 3189 1492 3259 eius

229 3315 336 3386 verba
354 3313 546 3386 afferamus.
567 3353 618 3365 -
638 3313 862 3403 Transposui‚
882 3313 1005 3402 inquit,
1026 3311 1093 3383 duo
1112 3313 1198 3383 haec
1222 3311 1383 3400 disticho3
1413 3334 1491 3384 nam

195 3470 201 3484 ·
230 3445 411 3528 antequam
426 3477 470 3492 -
485 3437 609 3509 Sancte
625 3445 725 3528 pater
737 3477 782 3491 —
796 3436 1032 3527 appellaretur
1047 3437 1216 3508 Hercules
1227 3437 1355 3509 dictum
1370 3459 1491 3509 conve·

230 3565 282 3633 nit
296 3583 375 3633 eum
385 3561 546 3632 Sanctum
561 3581 636 3632 esse
651 3541 874 3650 iactumJnon
891 3569 1026 3650 postca3
1044 3581 1106 3632 nec
1121 3561 1186 3632 nisi
1201 3562 1237 3630 in
1254 3561 1330 3650 ipso
1343 3562 1438 3633 exitu
1456 3561 1493 3632 id

230 3686 320 3777 quod
339 3685 512 3775 posterius
532 3687 629 3774 posui
651 3685 823 3772 distichon
846 3691 964 3773 aptum
987 3685 1098 3754 locum
1123 3684 1238 3756 habet.
1262 3723 1308 3737 -
1330 3687 1377 3757 At
1399 3686 1492 3775 quod

229 3811 328 3900 prius
353 3807 448 3898 dicit,
475 3809 511 3878 id
534 3800 726 3878 iturorum
752 3815 816 3897 cst,
840 3809 870 3880 si
894 3829 971 3880 cum
995 3809 1132 3878 nomina
1155 3808 1211 3878 vel
1234 3829 1331 3880 sacra
1349 3808 1491 3881 deorum

232 3935 448 4023 explicantur
472 3933 568 4021 prius
592 3953 632 4002 ea
649 3934 785 4003 nomina
809 3933 986 4022 explicari,
1011 3931 1133 4002 deinde
1156 3931 1237 4002 deos
1258 3933 1301 4004 iis
1324 3933 1492 4023 appellari

232 4064 268 4127 et
285 4057 464 4146 implorari
483 4077 624 4127 necesse
644 4063 707 4126 est.
733 4054 830 4142 Quod
851 4076 948 4144 quarn
969 4077 1036 4126 non
1057 4056 1102 4126 sit
1121 4075 1258 4127 necesse
1276 4058 1431 4128 cernitur
1450 4079 1491 4128 ex

235 4180 348 4252 Ovidii
366 4181 495 4270 Fastis,
516 4180 575 4270 qui
594 4180 651 4250 uhi
669 4181 696 4268 Ι,
720 4183 779 4250 65.
801 4201 845 4250 ss.

355 4391 448 4462 Iane
468 4391 621 4482 biceps,
641 4390 764 4480 inquit,
785 4391 863 4460 anni
882 4391 987 4462 tacite
1005 4391 1153 4464 labentis
1176 4393 1287 4481 imago
1308 4431 1357 4444 -

189 4577 193 4588 ¹
275 4607 335 4675 67.
356 4603 489 4673 Dexter
507 4605 590 4676 ades
609 4605 766 4696 ducibus,
786 4624 931 4694 quorum
950 4622 1071 4674 secura
1089 4603 1206 4674 labore

410 4724 491 4798 Otia
509 4733 605 4798 tcrra
623 4727 731 4822 ferax,
751 4728 821 4799 otia
838 4733 964 4817 pontus
983 4727 1054 4816 agit
1072 4765 1124 4780 —
