3600 5594
745 475 952 544 -37....

217 690 408 775 sequnntur
426 685 614 773 elegiarum
631 686 760 775 partim
780 686 967 756 amatoriae
987 692 1078 774 sunt,
1094 684 1137 755 ad
1153 706 1238 774 quas
1253 687 1358 758 tertia
1377 677 1481 760 'etiam

218 814 253 878 et
273 808 393 880 ultima
411 827 478 879 non
498 809 670 881 immerito
689 808 898 896 referuntur,
919 809 1047 898 partim
1067 815 1270 898 argumenta
1289 809 1420 880 babent
1437 831 1481 881 cx

216 936 324 1004 sacris
341 931 533 1022 fabulisque
553 934 704 1024 antiquis
723 933 845 1023 petita,
866 952 973 1022 eaque
992 934 1060 1003 duo
1080 951 1208 1022 genera
1224 934 1414 1004 miscentur
1427 935 1480 1004 in·

216 1065 274 1127 ter
292 1077 329 1127 se
348 1062 383 1127 et
401 1056 669 1147 confunduntur,
686 1062 726 1127 ut
744 1057 922 1128 amatoriis
938 1056 1058 1145 elegiis
1078 1057 1224 1127 alterius
1238 1058 1377 1146 generis
1394 1058 1479 1128 ordo

219 1182 405 1270 elegiarum
428 1182 585 1252 varietur
613 1188 649 1252 et
675 1180 916 1270 perturbetur:
948 1180 997 1250 ita
1020 1185 1286 1252 consentaneum
1315 1187 1391 1253 erat
1417 1183 1481 1252 toti

218 1303 307 1375 libro
342 1305 440 1394 quasi
470 1303 693 1394 praelationis
724 1305 800 1375 loco
833 1325 910 1375 eam
944 1303 1090 1391 elegiam
1125 1305 1363 1393 praemittere,
1393 1325 1480 1394 quae

216 1429 396 1518 utriusque
424 1430 560 1518 generis
588 1437 684 1500 esset
710 1428 886 1518 particeps
914 1426 1109 1516 duplexque
1136 1427 1217 1499 libri
1240 1437 1480 1518 argumentum

215 1551 395 1623 indicaret.
416 1553 583 1625 Similiter
602 1554 708 1624 etiam
721 1552 889 1623 Horatius
908 1549 943 1622 in
963 1572 1003 1623 eo
1022 1553 1186 1640 carmine,
1208 1573 1276 1641 quo
1292 1558 1365 1623 tres
1384 1554 1479 1642 prio-

216 1697 272 1746 res
298 1677 408 1748 libros
436 1677 590 1765 induxit,
620 1684 656 1748 et
684 1697 804 1748 severa
832 1697 869 1747 se
898 1682 933 1747 et
961 1675 1095 1747 ludicra
1124 1677 1275 1747 carmina
1298 1677 1480 1767 scripsisse

218 1799 381 1890 declarat,
406 1803 436 1872 si
459 1801 599 1891 quidem
623 1808 720 1872 recte
744 1802 771 1871 Ι.
797 1798 835 1871 O.
856 1800 1003 1872 Jabnius
1026 1802 1074 1888 (in
1095 1801 1329 1890 disputatione
1350 1800 1392 1871 de
1409 1802 1482 1872 Ho-

217 1926 297 1995 ratii
317 1927 469 1996 carmine
486 1927 611 2015 primo,
632 1924 859 1998 Stallbaumio
878 1945 1001 1995 munus
1020 1923 1258 2015 praeceptoris
1278 1931 1359 1996 ante
1380 1926 1481 2013 quin-

217 2068 283 2138 que
317 2049 426 2121 lustra
462 2054 656 2138 susceptum
690 2049 906 2140 gratulatur3
943 2049 1082 2139 Lipsiae
1121 2051 1231 2119 1845.
1261 2069 1295 2136 p.
1328 2052 1388 2120 27.
1419 2051 1480 2136 ss.)

215 2172 368 2243 ostendit
385 2174 481 2244 Deos
506 2193 647 2263 superos
666 2180 701 2244 et
719 2171 980 2264 Polyhymniam
1005 2173 1047 2244 de
1063 2172 1237 2262 gravibus
1253 2171 1430 2260 Euterpen
1445 2177 1480 2242 et

155 2359 159 2368 .
215 2295 393 2386 Nymphas
413 2302 448 2367 et
467 2297 611 2385 Satyros
630 2296 672 2365 de
690 2296 823 2368 levibus
843 2296 1054 2368 carminibus
1070 2317 1144 2366 esse
1159 2295 1393 2384 accipiendam
1414 2317 1478 2367 nec

215 2419 384 2490 dissimile
404 2427 457 2491 est
475 2422 588 2509 quarti
607 2420 685 2492 libri
704 2441 841 2491 carmen
864 2421 1024 2509 primum,
1050 2440 1117 2509 quo
1144 2440 1222 2491 cnm
1246 2427 1282 2492 et
1299 2419 1480 2490 renunciet

214 2542 346 2614 Veneri
365 2550 400 2614 et
418 2551 532 2614 tamen
553 2543 711 2633 Ligurini
733 2552 968 2632 erumpentem
983 2564 1135 2615 amorem
1150 2545 1330 2632 exprimat,
1346 2544 1376 2614 is
1391 2545 1480 2615 liber

175 2719 181 2734 ,
215 2671 392 2757 sequitur,
423 2689 525 2757 quem
552 2675 588 2738 et
612 2668 759 2739 edidisse
783 2676 925 2759 propter
948 2669 1068 2739 landes
1093 2666 1285 2740 Caesareae
1310 2667 1431 2738 domus
1458 2689 1479 2738 a

216 2792 411 2862 scholiastis
439 2793 589 2862 traditur
618 2800 653 2863 et
681 2800 797 2862 tamen
825 2793 1003 2863 amatoriis
1032 2813 1154 2864 rursus
1187 2791 1394 2863 carminibus
1427 2791 1482 2862 di·

216 2916 344 2986 stinxit.
357 2915 503 2987 sednon
522 2918 605 2986 satis
625 2915 729 2986 babet
741 2917 997 2987 Heimreicbius
1016 2917 1105 3004 qnod
1125 2938 1229 2985 unum
1249 2923 1324 2986 erat
1341 2935 1477 2986 carmen

216 3039 250 3107 in
270 3039 336 3109 duo
360 3039 586 3109 disiunxisse:
617 3040 709 3110 idem
739 3061 814 3110 cum
843 3046 960 3110 cetera
987 3041 1089 3110 buius
1116 3040 1199 3110 libri
1227 3040 1378 3110 carmina
1405 3045 1478 3108 tum

216 3163 280 3233 hoc
300 3183 436 3233 carmen
457 3163 511 3232 vel
530 3169 569 3232 ut
586 3163 662 3250 ipse
681 3164 754 3232 vult
772 3163 857 3234 haec
878 3164 946 3233 duo
966 3163 1120 3234 carmina
1138 3184 1159 3232 a
1177 3162 1360 3250 Propertio
1379 3161 1477 3231 abiu-

215 3285 315 3357 dicat.
336 3288 458 3376 ltaque
475 3288 515 3358 de
535 3286 661 3357 ceteris
681 3286 831 3375 quidem,
857 3305 945 3376 quae
964 3286 1233 3356 Luettiobannes
1254 3285 1342 3354 satis
1359 3284 1477 3356 defen-

214 3410 277 3499 dit,
296 3420 336 3482 ut
354 3420 436 3480 ante
456 3389 735 3501 significavimus,
757 3410 839 3480 nibil
859 3411 1035 3494 dicemus:
1061 3409 1162 3480 buius
1181 3417 1298 3480 autem
1317 3410 1477 3482 carminis

215 3557 293 3608 cum
312 3538 457 3607 alteram
477 3544 572 3608 certe
591 3542 724 3624 partem
744 3536 798 3606 vel
816 3535 876 3606 ille
896 3542 1000 3626 neget
1015 3533 1231 3623 aPropertio
1252 3535 1477 3623 compositam

214 3662 315 3732 nobis
334 3658 486 3730 defensio
505 3659 724 3750 suscipienda
743 3659 891 3731 videtur.
905 3658 1119 3748 Quamquam
1138 3658 1182 3728 ad
1199 3658 1346 3746 primum
1357 3657 1477 3728 Heim-

213 3785 336 3856 reicbii
355 3788 595 3874 argumentum
614 3791 668 3854 est
686 3785 752 3855 iam
775 3783 978 3872 responsum
1001 3783 1045 3852 iis
1070 3801 1157 3872 quae
1182 3782 1224 3854 de
1248 3801 1374 3869 genere
1399 3800 1475 3852 car-

213 3909 314 3979 minis
333 3907 593 4008 disputavimus.
614 3906 713 3995 Qnod
732 3908 891 3978 enimait
910 3906 944 3976 id
964 3926 1101 3977 carmen
1118 3904 1261 3975 rudiore
1275 3924 1378 3993 quam
1392 3905 1477 3976 Pro-

213 4034 315 4120 pertii
340 4041 415 4102 arte
440 4051 515 4102 esse
544 4031 783 4119 compositum,
811 4031 848 4101 id
876 4052 996 4100 verum
1026 4039 1117 4100 esset
1146 4028 1304 4118 sortasse,
1334 4028 1362 4098 si
1388 4028 1474 4098 duae

213 4158 293 4227 illae
316 4163 434 4246 partes
462 4155 606 4226 totidem
634 4163 749 4222 essent
776 4154 910 4242 integra
938 4154 1105 4224 carmina:
1135 4175 1225 4223 nunc
1250 4173 1328 4222 cum
1352 4152 1474 4222 ambae

213 4281 331 4351 eodem
352 4281 505 4351 carmine
526 4278 780 4365 contineantur,
800 4278 1084 4364 compositionem
1104 4281 1247 4365 apparet
1266 4274 1352 4345 nihil
1370 4275 1412 4346 ab
1433 4294 1473 4344 eo

212 4423 336 4492 genere
364 4403 524 4495 differre,
553 4423 620 4492 quo
649 4411 685 4471 et
711 4400 930 4489 Propertium
961 4406 996 4471 et
1024 4402 1108 4473 alios
1136 4420 1218 4470 usos
1248 4417 1323 4468 esse
1352 4403 1474 4486 poetas

207 4528 312 4616 xmodo
337 4527 556 4599 ostendimus.
582 4527 677 4614 Quae
707 4530 822 4596 autem
849 4524 883 4593 in
909 4523 1052 4613 singulis
1076 4523 1192 4596 verbis
1215 4523 1268 4592 vel
1294 4521 1474 4593 sententiis

214 4651 379 4741 quosdam
408 4649 639 4738 offenderunt,
668 4669 710 4720 ea
742 4647 885 4736 singulis
912 4646 1132 4718 emendandis
1166 4654 1226 4718 aut
1261 4645 1473 4734 explicandis

212 4795 312 4864 posse
344 4774 418 4845 tolli
452 4780 486 4844 et
516 4773 665 4845 vidimus
700 4773 768 4843 iam
805 4793 880 4844 cum
914 4776 1036 4842 contra
1077 4769 1378 4859 Escbenburgium
1421 4767 1473 4838 di·
