3616 5602
738 479 949 548 ..33..

210 686 318 774 miles,
340 705 407 757 uno
427 685 495 756 duo
514 685 640 774 oppida
659 685 740 756 olim
758 687 893 777 longius
907 688 950 758 ab
967 686 1061 760 Urbe
1082 687 1258 778 distantia,
1279 691 1389 761 altero
1409 690 1476 762 duo

211 811 289 882 olim
309 811 504 898 potentiora
522 818 767 898 memorentur,
787 812 852 882 etsi
871 817 986 882 antem
1006 813 1204 906 saepissime
1223 814 1356 902 singula
1376 813 1474 885 disti·

211 935 276 1006 cha
293 955 409 1006 rerum
430 940 466 1004 et
486 934 733 1006 sententiarum
754 934 974 1006 similitudine
994 938 1227 1027 eontinentur,
1256 937 1338 1008 alibi
1358 943 1475 1009 tamen

211 1059 315 1130 etiam
333 1059 535 1147 Propertius
554 1060 764 1130 contrariam
785 1061 957 1130 rationem
976 1062 1146 1149 seqnitur,
1176 1067 1216 1131 ut
1240 1062 1351 1150 priori
1369 1063 1474 1134 hexa-

209 1188 321 1256 metro
342 1184 514 1270 posterior
534 1190 765 1272 pentameter,
795 1185 903 1272 priori
930 1190 1147 1273 pentametro
1174 1187 1346 1274 posterior
1369 1186 1474 1258 hexa-

210 1313 321 1376 meter
338 1307 561 1396 respondeat;
581 1313 620 1378 ut
637 1307 665 1397 I,
691 1311 750 1398 13,
772 1312 831 1378 29.
854 1330 901 1378 ss.

314 1501 387 1571 Nec
404 1501 528 1572 mirum
550 1523 625 1572 cum
646 1503 692 1572 sit
709 1502 790 1572 Iove
810 1503 912 1592 digna
931 1511 966 1572 et
983 1504 1138 1592 proxima
1156 1501 1272 1574 Ledae

367 1627 416 1697 Et
435 1627 550 1697 Ledae
569 1648 587 1696 e
606 1632 709 1716 partu
728 1626 863 1716 gratior
880 1648 948 1696 una
966 1628 1095 1714 tribus,

314 1749 377 1820 Illa
395 1751 441 1820 sit
458 1750 605 1820 Inachiis
624 1757 659 1820 et
678 1751 836 1821 blandior
855 1749 1019 1840 heroinis,

367 1875 430 1946 Illa
450 1875 522 1944 suis
542 1875 656 1944 verbis
675 1881 775 1964 cogat
793 1895 907 1944 amare
926 1875 1053 1947 lovem.
1094 1963 1096 1968 ,

210 2047 299 2120 Nam
321 2050 378 2122 hic
404 2070 540 2139 qnoque
559 2071 578 2120 e
596 2049 677 2122 Iove
706 2071 806 2122 orsus
834 2051 868 2120 in
895 2051 1011 2122 iorem
1040 2051 1181 2139 desinit,
1210 2050 1332 2120 mediis
1360 2057 1473 2125 autern

209 2173 342 2244 duobus
369 2175 524 2244 versibus
553 2195 630 2245 cnm
657 2174 808 2246 heroinis
829 2173 1011 2264 Cynthium
1041 2180 1228 2264 comparat.
1275 2175 1328 2246 Ac
1351 2175 1473 2246 similis

206 2315 266 2370 res
286 2305 340 2370 est
358 2298 462 2368 etiam
479 2299 513 2367 in
533 2297 561 2387 I,
584 2299 618 2387 8,
641 2302 688 2369 27
704 2335 755 2350 -··
773 2302 837 2369 30:

313 2491 379 2561 Hic
398 2492 481 2563 erit:
501 2491 558 2561 hic
577 2493 691 2562 iurata
708 2500 834 2564 manet.
856 2493 1073 2581 Rumpantur
1091 2468 1208 2582 iniqui.

365 2614 539 2686 Vicimus!
559 2615 717 2686 assiduas
737 2637 802 2686 non
824 2616 904 2686 tulit
922 2615 981 2685 illa
999 2636 1132 2704 preces.

311 2739 413 2809 Falsa
430 2739 510 2810 licet
529 2741 672 2830 cupidus
692 2740 842 2830 deponat
860 2739 988 2830 gaudia
1006 2739 1108 2810 livor:

231 2851 235 2860 ’
365 2863 508 2934 Destitit
527 2864 579 2936 ire
599 2885 704 2935 noras
725 2862 877 2956 Cynthia
895 2865 998 2953 longa
1017 2865 1100 2934 vias.

287 3036 336 3108 Ut
353 3039 443 3107 enim
475 3039 579 3108 medii
605 3040 673 3111 duo
701 3062 824 3112 versus
851 3041 1017 3112 laetitiam
1047 3039 1193 3112 dicentis
1230 3039 1472 3130 testificantur,

208 3161 258 3230 ita
289 3160 422 3249 primus
445 3166 480 3230 et
504 3160 643 3232 ultimus
671 3163 754 3248 quid
781 3162 909 3234 facturn
937 3163 985 3234 sit
1013 3170 1164 3234 narrant.
1203 3161 1269 3231 Sed
1296 3164 1473 3238 mittamus

207 3285 275 3354 iam
293 3284 385 3355 bunc
402 3283 529 3356 locum.
575 3284 746 3356 Maiorem
769 3285 879 3356 eidem
904 3286 1048 3355 carmini
1069 3286 1140 3354 vim
1163 3283 1282 3356 attulit
1299 3285 1473 3358 Heimrei-

207 3409 307 3479 obins
335 3409 463 3499 (Symb.
492 3409 613 3498 philol.
642 3409 749 3483 Bonn.
771 3409 871 3480 Fasc.
892 3416 1021 3500 poster.
1040 3431 1076 3500 p.
1098 3411 1185 3480 667.
1206 3409 1280 3500 ss),
1309 3411 1368 3500 qui
1396 3432 1471 3482 cum

206 3553 270 3622 pro
288 3553 387 3622 ruge
407 3534 442 3602 in
461 3554 512 3605 vs.
536 3537 596 3606 71.
627 3553 670 3606 ex
692 3534 891 3606 coniectura
911 3533 1107 3624 scripsisset
1123 3553 1252 3624 mage,
1273 3534 1317 3605 ab
1338 3555 1378 3606 eo
1396 3535 1472 3625 ipso

206 3677 310 3728 versu
330 3678 457 3728 novum
475 3659 597 3729 statuit
616 3679 752 3730 carmen
772 3659 939 3749 incipere,
970 3658 1059 3748 quod
1079 3679 1156 3728 cum
1176 3658 1355 3747 superiore
1373 3659 1473 3748 plane
1515 3717 1518 3720 .

205 3803 272 3852 non
292 3782 510 3867 cohaereret;
534 3801 636 3870 quam
654 3784 859 3854 sententiam
879 3783 1103 3872 amplectitur
1121 3782 1226 3852 etiam
1245 3779 1472 3854 Lnettiohan-

205 3926 267 3976 nes
285 3906 377 3997 (pag.
400 3907 474 3994 23).
511 3905 564 3976 Ac
582 3907 733 3978 rationes
749 3907 808 3978 ille
827 3907 888 3978 has
906 3904 1049 3996 profert.
1089 3904 1242 3976 Primum
1269 3905 1473 3978 alucinantis

207 4049 284 4100 esse
312 4030 490 4119 superiora
513 4049 591 4099 cum
613 4027 836 4101 inferioribus
860 4032 909 4100 ita
932 4031 1156 4118 coniungere,
1185 4034 1225 4099 ut
1250 4029 1469 4121 coniungant,

205 4173 283 4224 cum
311 4154 426 4226 dicant
453 4153 673 4242 Propertium
709 4153 870 4224 inchoato
897 4154 1049 4243 poemati
1073 4153 1116 4224 de
1135 4153 1326 4244 originibus
1344 4155 1469 4226 Roma-

205 4277 259 4346 nis
287 4278 346 4349 sed
374 4278 506 4349 abiecto
537 4283 657 4367 postea
688 4277 858 4348 iocantem
889 4278 1034 4349 alteram
1070 4282 1203 4366 partem
1240 4277 1470 4366 subtexuisse;

204 4400 330 4472 deinde
350 4423 418 4473 uss.
442 4405 514 4474 135
527 4441 579 4454 -·-
592 4405 677 4473 146.
707 4421 775 4471 non
801 4401 986 4490 horoscopi
1005 4421 1081 4472 esse
1101 4401 1162 4471 sed
1181 4399 1366 4489 Apollinis3
1396 4405 1470 4472 tum

204 4523 291 4596 fata
310 4525 447 4596 dicere
466 4547 533 4596 non
552 4547 654 4615 posse
673 4525 741 4596 dici
760 4525 826 4596 nisi
846 4525 905 4615 qui
919 4524 1142 4610 vaticinatum
1163 4523 1310 4612 denique
1330 4543 1471 4613 vagum

205 4629 429 4739 Propertium
448 4670 513 4720 non
532 4670 634 4738 posse
652 4651 703 4721 ita
721 4650 803 4740 dici,
833 4655 873 4719 ut
901 4669 985 4719 sana
1012 4648 1186 4720 sententia
1209 4647 1344 4719 evadat.
1376 4647 1471 4736 Quae

204 4773 394 4845 contraite
412 4773 679 4863 disputabimus,
710 4782 749 4846 ut
776 4796 798 4844 a
825 4780 1001 4863 postremo
1030 4778 1233 4862 argumento
1252 4771 1468 4861 incipiamus.

1159 4889 1161 4894 ·
1242 4892 1258 4942 a
