3600 5594
755 429 961 497 ...97-

18 611 19 614 ¹
98 731 100 736 ι
230 635 496 726 0011,8,13.00.
517 635 610 725 Ergo
630 655 693 725 ego
713 641 783 706 tam
802 637 929 709 multos
948 638 1089 710 nimium
1109 639 1315 710 temerarius
1334 661 1451 732 annos,
1507 677 1512 686 r

464 759 624 848 Improba
643 760 701 849 qui
721 760 856 832 tulerim
875 767 976 850 teque
998 769 1157 853 tuamque
1177 763 1324 854 domum,

411 882 641 971 Ecquandone
659 884 725 955 tibi
742 885 833 956 liber
852 907 927 956 sum
946 887 1066 959 visus?
1085 925 1135 938 --

229 1064 264 1128 et
290 1059 335 1144 11,
363 1063 397 1149 9,
422 1064 482 1130 25.
512 1059 608 1131 Haec
627 1061 710 1131 mihi
729 1067 809 1132 vota
828 1070 923 1132 tuam
942 1072 1086 1152 propter
1106 1070 1266 1153 suscepta
1283 1066 1441 1158 salutem,

466 1183 551 1254 Cum
562 1187 675 1274 capite
685 1185 750 1256 hoc
761 1185 900 1276 Stygiae
909 1187 977 1258 iam
987 1192 1193 1275 poterentur
1204 1209 1384 1278 aquae-3

228 1369 262 1434 et
280 1363 325 1453 ΙΙ,
349 1367 409 1453 21,
430 1365 487 1434 19.
509 1362 582 1433 Nos
603 1383 805 1452 quocunque
825 1364 911 1453 locu,
932 1385 992 1434 nos
1013 1365 1102 1435 omni
1121 1371 1278 1454 ternpore
1297 1372 1411 1438 tecum

464 1485 541 1557 Sive
560 1508 668 1576 aegra
685 1489 818 1576 pariter
838 1489 910 1558 sive
929 1488 1064 1559 valente
1084 1510 1200 1560 sumus
1221 1528 1280 1560 -.

227 1697 300 1770 Nec
327 1700 492 1770 dissimile
521 1705 587 1790 est,
617 1700 708 1790 quod
737 1702 764 1789 I,
788 1706 847 1790 11,
871 1706 930 1772 21.
954 1724 981 1772 s.
1011 1703 1075 1772 sibi
1106 1701 1293 1792 Cynthium
1321 1702 1492 1774 cariorem

228 1844 330 1912 quam
347 1811 511 1912 parentes
531 1824 578 1894 ait
599 1845 686 1913 esse,
706 1831 890 1914 postquam
910 1833 988 1896 ante
1012 1848 1078 1896 non
1099 1834 1167 1897 tarn
1187 1825 1308 1897 violari
1329 1824 1428 1897 fidem
1449 1824 1492 1896 ab

226 1947 285 2016 illa
304 1968 405 2036 quarn
424 1968 460 2017 se
479 1969 521 2017 ne
541 1948 730 2019 violaretur
753 1954 908 2019 metuere
933 1949 1131 2021 declaravit.
1170 1950 1333 2039 idemque
1357 1970 1394 2021 se
1418 1970 1492 2020 ser·

226 2077 385 2142 0000000
399 2070 501 2141 fidem
521 2080 709 2161 asseverat,
729 2079 911 2162 postquam
928 2094 970 2144 00
985 2072 1171 2144 Gaesarem
1185 2075 1324 2162 quidem
1338 2074 1382 2145 ad
1396 2095 1493 2145 suam

228 2196 456 2266 constantiam
475 2195 661 2266 tollendam
681 2199 767 2266 satis
785 2197 899 2268 valere
919 2197 1106 2269 affirmavit
1123 2198 1173 2286 II,
1192 2201 1227 2288 7,
1250 2201 1285 2269 7.
1308 2219 1334 2269 s.
1401 2271 1403 2282 ,

410 2371 497 2442 Nam
516 2371 618 2443 citius
635 2382 775 2461 paterer
795 2379 899 2463 caput
917 2374 983 2443 hoc
1004 2373 1179 2445 discedere
1199 2373 1298 2462 00110,

464 2495 573 2584 Quam
592 2517 726 2585 possem
746 2501 872 2585 nuptae
891 2497 1176 2586 perdere‘amore
1195 2495 1304 2584 faces3

225 2681 262 2745 00
285 2695 439 2762 servasse
464 2672 555 2752 olim,
583 2679 764 2762 postquam
788 2671 969 2762 perfidiam
993 2674 1059 2744 sibi
1083 2695 1103 2743 0
1129 2671 1280 2763 Cynthia
1301 2673 1403 2744 obiici
1421 2694 1492 2744 me·

225 2799 384 2885 muravit,
405 2797 451 2888 11,
475 2801 535 2886 20,
558 2801 596 2882 9;
625 2808 807 2885 postquam
831 2797 958 2866 aemuli
982 2799 1024 2868 de
1043 2795 1110 2866 fide
1130 2797 1282 2868 detraxit
1300 2797 1345 2886 ΙΙ,
1368 2801 1429 2888 25,
1453 2801 1491 2886 9;

226 2922 286 2992 ubi
304 2922 378 3011 ipse
397 2920 476 2991 fidei
496 2927 531 2991 00
549 2922 659 2991 amori
677 2921 894 2991 renunciavit
913 2921 975 3011 ΙΙΙ,
994 2924 1055 3008 25,
1075 2921 1121 3020 in.
1152 2919 1219 2992 Sed
1241 2928 1355 2992 tamen
1370 2929 1424 2993 est
1441 2923 1492 2993 lo-

143 3067 149 3074 ·
227 3065 288 3116 cus
311 3045 392 3114 huic
415 3043 491 3114 loco
515 3042 697 3113 admodum
720 3044 843 3113 similis
872 3044 900 3132 Ι,
922 3046 957 3132 8,
980 3047 1054 3133 21.,
1084 3045 1145 3113 ubi
1169 3046 1235 3114 etsi
1258 3045 1301 3114 de
1327 3065 1369 3115 ea
1391 3067 1494 3135 quam

226 3173 426 3240 servaturus
446 3168 491 3238 sit
508 3166 590 3255 fide,
609 3187 674 3237 non
695 3166 736 3237 de
756 3187 795 3237 00
815 3186 916 3254 quam
940 3168 1090 3238 servarit
1112 3169 1280 3257 loquitur:

411 3364 499 3436 Nam
518 3385 573 3436 me
592 3384 658 3434 non
677 3363 768 3433 ullae
786 3367 950 3452 poterunt
969 3383 1193 3454 corrumpere
1212 3363 1333 3436 taedae

409 3571 412 3577 ,
462 3486 552 3575 Quin
571 3508 632 3577 ego
652 3489 723 3559 vita
742 3497 800 3559 tuo
819 3488 934 3559 limine
953 3510 1037 3560 vera
1057 3511 1182 3579 querar
1202 3495 1284 3560 cett.
1307 3530 1357 3541 -

227 3683 356 3771 excipit
373 3687 487 3752 tamen
508 3683 591 3753 haec
609 3681 690 3752 fidei
713 3684 922 3753 asseveratio
946 3684 1091 3754 similem
1115 3684 1323 3772 ignoscentis
1344 3684 1491 3756 clemen-

227 3807 340 3896 tisque
360 3807 464 3878 animi
483 3805 763 3878 declarationem:

325 4004 382 4073 17.
411 4001 476 4074 Sed
497 4023 699 4091 quocunque
718 4005 817 4075 modo
837 4004 879 4074 de
898 4025 964 4087 me,
986 4003 1137 4092 periura,
1157 4003 1315 4092 mereris,
1382 4039 1383 4042 ¹

465 4125 519 4196 Sit
539 4124 683 4198 Galatea
702 4134 784 4197 tuae
803 4149 868 4198 non
888 4128 999 4197 aliena
1018 4128 1106 4216 viae,

412 4250 459 4322 Ut
477 4258 512 4321 te
529 4251 623 4322 lelici
641 4257 828 4340 praevecta
847 4249 1019 4322 Ceraunia
1038 4271 1133 4322 remo

463 4374 627 4464 Accipiat
642 4351 789 4464 placidis
809 4375 933 4448 Oricos
951 4376 1158 4463 aequoribus
1178 4413 1228 4425 -

226 4573 264 4638 ut
282 4588 370 4637 unus
388 4567 483 4638 locus
503 4569 613 4640 altero
633 4572 675 4643 ab
696 4571 787 4641 omni
808 4570 1005 4659 suspicione
1025 4571 1109 4640 satis
1126 4568 1341 4640 defendatur.
1362 4567 1415 4639 At
1429 4586 1491 4657 per

228 4690 502 4802 desperationem
520 4714 540 4763 0
559 4693 705 4782 perfidia
723 4696 766 4767 ad
785 4693 887 4765 fidem
907 4695 1075 4765 transitur
1094 4694 1139 4783 Il,
1163 4696 1197 4784 9,
1221 4694 1283 4765 38.
1302 4712 1347 4764 00.

1263 4831 1279 4880 7
