3600 5594
738 461 944 530 ...43,.

211 693 273 742 nec
293 691 371 742 cum
387 670 474 741 urbe
488 671 555 740 alia
569 675 787 760 comparetur
806 677 933 742 etcum
954 670 1044 740 omni
1064 672 1146 742 orbe
1161 679 1334 743 terrarum
1350 695 1470 763 super-

210 795 316 865 lativo
345 796 530 882 maxime,
562 815 628 864 non
657 793 888 882 comparativo
916 793 1022 864 fuerit
1050 797 1294 884 comparanda;
1324 804 1360 867 ct
1386 798 1472 894 illud

212 940 335 1011 parum
353 919 514 1007 perspici,
536 939 602 1007 quo
622 918 765 988 consilio
780 917 984 1005 Propertius
1001 919 1139 989 Troiam
1158 920 1211 990 dis
1232 915 1387 992 secundis
1405 921 1470 992 Pe-

212 1049 308 1112 nates
327 1061 409 1112 suos
438 1043 473 1110 in
496 1040 632 1111 Italiam
661 1041 752 1110 dicat
781 1041 929 1129 misisse,
961 1063 1037 1112 cum
1063 1043 1243 1114 ostendere
1272 1045 1411 1118 studeat
1429 1069 1471 1116 ex

214 1165 368 1253 parvulis
394 1166 501 1235 initiis
530 1172 564 1234 et
592 1162 748 1235 aedificia
771 1171 805 1234 et
833 1185 930 1233 sacra
953 1165 1108 1235 Romana
1136 1167 1472 1256 magnificentissime
1578 1203 1581 1212 ¹

181 1349 183 1354 ,
216 1297 315 1359 aucta
334 1310 420 1359 esse.
443 1289 566 1376 Neque
591 1289 679 1357 anim
705 1308 780 1357 cum
805 1287 929 1358 Iacobo
955 1283 1046 1358 recte
1070 1291 1176 1360 statui
1195 1291 1330 1362 Troiam
1352 1293 1422 1365 dici
1438 1297 1472 1364 in

213 1422 344 1483 terram
368 1419 437 1483 tam
465 1413 556 1483 bello
585 1413 753 1481 valentem
783 1411 869 1481 bene
898 1410 1105 1502 confugisse,
1134 1415 1214 1502 quia
1243 1437 1303 1486 nec
1332 1409 1473 1489 bellicae

213 1538 442 1607 Romanorum
469 1538 617 1606 virtutes
645 1535 811 1623 proximis
838 1536 995 1606 versibus
1025 1537 1263 1610 describantur
1293 1562 1403 1631 neque
1432 1565 1473 1612 ea

216 1663 386 1732 sententia
405 1683 481 1732 curn
500 1661 674 1748 Propertii
693 1661 836 1730 consilio
856 1668 1039 1749 congruat3
1064 1683 1127 1731 nac
1144 1663 1325 1748 Krahncro
1345 1665 1473 1753 (Philo-

217 1785 286 1873 log.
325 1786 389 1856 vol.
418 1784 564 1856 XXVII.
602 1805 635 1873 p.
663 1785 726 1874 at)
761 1804 842 1854 vera
866 1783 974 1854 videri
999 1785 1104 1856 Urbis
1136 1788 1403 1876 magnitudinem
1433 1811 1475 1860 ax

216 1910 363 1999 pristina
381 1909 598 1997 simplicitate
618 1917 652 1978 et
672 1908 815 1978 deorum
838 1907 1062 1978 Troianorum
1082 1909 1321 2000 Iuliorumque¹
1338 1914 1474 1984 numine

216 2032 352 2118 deduci,
381 2034 541 2120 quoniam
569 2054 636 2102 non
664 2033 787 2122 quibus
816 2033 926 2102 causis
947 2053 1029 2120 opes
1056 2033 1229 2104 Romanae
1260 2041 1393 2105 tanturn
1412 2037 1474 2107 ad-

217 2162 340 2228 auct-ae
365 2157 444 2245 sint,
478 2156 539 2226 sed
558 2157 720 2227 adauctas
744 2176 819 2226 esse
844 2165 1048 2244 exponatur.
1075 2155 1172 2244 Quae
1193 2161 1306 2229 omnia
1324 2182 1391 2230 non
1411 2160 1476 2230 dif-

215 2278 306 2352 ficile
326 2282 463 2352 videtur
482 2281 625 2350 diluere.
646 2279 733 2349 Nam
751 2280 828 2350 huo
851 2275 1022 2362 δεικτικῶς
1050 2282 1200 2369 positum
1224 2284 1343 2353 eodem
1375 2285 1475 2356 modo
1563 2301 1564 2304 ’

217 2405 261 2476 ad
279 2407 424 2476 Romam
444 2403 660 2476 referendum
680 2409 855 2492 astatque
875 2405 948 2474 hoc
968 2405 1004 2473 in
1023 2427 1073 2475 vs
1095 2409 1125 2474 l.
1148 2413 1183 2477 et
1202 2405 1299 2477 haec
1319 2408 1354 2476 in
1369 2403 1419 2478 vs.
1441 2414 1474 2480 3.

216 2539 252 2602 et
270 2529 364 2604 hinc
382 2530 416 2598 in
428 2550 461 2600 r.
482 2531 554 2616 31,
573 2548 659 2616 quae
679 2528 792 2598 omnia
811 2528 1078 2600 demonstrativa
1097 2529 1174 2600 ideo
1194 2537 1367 2619 ponuntur
1387 2534 1477 2622 quod

216 2654 363 2725 dicentis
380 2653 476 2724 locus
497 2651 720 2742 significatur.
741 2651 888 2723 Melius
907 2662 1021 2723 autem
1038 2675 1115 2724 cum
1130 2654 1266 2744 dicitur,
1283 2676 1350 2725 non
1365 2657 1474 2728 Roma

219 2800 330 2868 neque
350 2799 427 2849 cum
445 2781 532 2850 urbe
551 2779 617 2850 alia
636 2801 699 2850 nec
719 2800 797 2850 cum
817 2781 908 2850 omni
934 2781 1018 2851 orbe
1041 2779 1228 2870 confertur,
1252 2783 1310 2853 sed
1335 2783 1365 2853 is
1384 2805 1476 2854 com-

221 2907 397 2996 parativus
416 2928 491 2978 cum
515 2906 709 2996 profugos
734 2909 991 2996 coniungendus
1016 2914 1081 2996 est,
1106 2915 1146 2977 ut
1167 2907 1315 2978 Penates
1339 2906 1478 2978 Troiani

220 3029 413 3120 profugisse
432 3030 555 3100 melius
573 3051 677 3119 quam
692 3031 815 3102 Troiae
835 3033 1001 3102 mansisse
1020 3031 1187 3101 dicantur.
1204 3031 1369 3101 Similiter
1387 3031 1479 3100 idem

222 3154 424 3228 vocabulum
452 3174 529 3225 cum
559 3155 727 3240 attributo
756 3155 810 3226 vel
838 3155 995 3245 apposito
1024 3157 1176 3244 iungitur
1203 3153 1328 3224 Horat.
1355 3152 1476 3242 0111,

225 3283 260 3366 3,
281 3283 342 3350 49.
365 3301 392 3350 s.
414 3281 549 3350 Aurum
567 3279 776 3367 irrepertum
799 3289 834 3347 at
858 3279 907 3348 sic
930 3277 1051 3347 melius
1076 3278 1179 3346 situm
1203 3275 1289 3346 Cum
1308 3283 1404 3347 terra
1422 3298 1479 3368 ce·,
1564 3279 1566 3286 ’

221 3404 281 3492 lat,
301 3423 464 3494 spernere
483 3401 620 3474 fortior.
641 3402 855 3474 Manantes
879 3409 993 3470 autem
1013 3422 1056 3471 ex
1079 3400 1277 3490 profugos
1302 3423 1371 3472 non
1391 3401 1478 3473 diffi-
1581 3495 1582 3506 ἵ

223 3528 322 3598 cilius
340 3526 545 3613 intelligitur
565 3548 666 3616 quam
685 3525 991 3597 innumerabilibus
1009 3526 1076 3596 illis
1092 3526 1190 3615 locis,
1205 3525 1264 3596 ubi
1282 3547 1371 3596 unus
1386 3548 1479 3597 com-

222 3651 400 3743 parativus
419 3649 558 3739 dicitur,
578 3651 725 3721 alterum
743 3659 782 3721 ut
800 3650 928 3721 addant
940 3650 1132 3740 legentibus
1146 3650 1365 3738 relinquitur,
1386 3651 1478 3719 utin

223 3778 297 3866 ipso
315 3774 374 3846 illo
392 3773 715 3844 Horatiano-versu.
730 3773 805 3844 Nec
824 3773 908 3844 mihi
928 3773 1068 3844 dubium
1082 3773 1229 3862 videtur,
1247 3773 1277 3842 si
1290 3773 1324 3842 id
1341 3773 1478 3844 omnino

222 3901 344 3990 quaeri
363 3905 512 3989 oportet,
541 3917 603 3967 cur
627 3897 750 3986 quibus
779 3899 892 3968 causis
919 3917 975 3967 res
995 3897 1167 3966 Romanae
1190 3896 1401 3966 increverint
1420 3917 1480 3967 ex-

223 4031 378 4114 ponatur.
401 4022 488 4094 Oum
507 4022 597 4092 enim
616 4020 791 4108 Romulus,
812 4041 913 4109 quem
932 4021 1013 4109 lupa
1032 4018 1218 4108 significari
1237 4025 1394 4108 apertum
1413 4030 1479 4111 est,
1525 4103 1527 4110 ,

223 4169 290 4219 non
313 4147 494 4237 pudendus
521 4144 625 4217 Urbis
653 4142 812 4214 conditor
841 4152 933 4214 esset
960 4145 1083 4234 dictus,
1115 4144 1361 4214 ostendendum
1392 4150 1479 4233 erat,

211 4255 287 4342 ¹cur
306 4272 380 4342 eius
398 4291 466 4340 non
487 4269 634 4359 puderet
653 4287 789 4358 quoque
808 4265 866 4336 ille
886 4269 997 4356 modo,
1023 4269 1176 4358 quamvis
1200 4268 1309 4356 ipsius
1328 4287 1410 4354 opes
1429 4268 1480 4337 in·

223 4394 449 4466 firmissimae
460 4403 586 4483 essent,
602 4394 785 4483 plurimum
799 4397 913 4461 tamen
932 4392 974 4461 ad
994 4398 1151 4481 posteras
1167 4412 1250 4479 opes
1265 4388 1478 4460 contulisset.

223 4518 275 4591 Ob
295 4519 330 4588 id
349 4519 462 4606 ipsum
480 4539 543 4607 per
566 4538 644 4587 cum
662 4525 696 4587 et
717 4537 792 4586 cum
813 4536 853 4586 eo
874 4516 968 4585 Deos
988 4516 1152 4586 Troianos
1172 4513 1320 4604 fatisque
1338 4515 1482 4602 promis·

225 4663 298 4714 sam
328 4641 595 4729 magnitudinem
622 4640 759 4730 imperii
786 4639 927 4710 Romam
964 4640 1167 4710 translatam
1199 4644 1381 4723 narratur,
1416 4659 1482 4727 qua
