3600 5594
764 513 973 582 ...3...

240 733 351 821 ipsum
379 727 644 815 defenderimus,
674 746 735 796 cur
762 729 922 813 quartum
955 695 1032 791 cum
1063 719 1162 789 libris
1190 716 1435 804 manuscriptis
1463 721 1500 784 et

240 853 471 942 Hartzbergio
492 873 591 941 quam
611 851 764 940 quintum
787 871 863 920 cum
883 846 1102 919 Lachmanno
1122 863 1244 916 vocare
1263 842 1497 913 maluerimus,

241 979 342 1050 Hanc
362 979 451 1048 enim
471 976 641 1047 librorum
662 976 864 1046 divisionem
893 994 969 1044 cum
998 977 1032 1042 et
1051 971 1203 1042 editores
1220 973 1359 1058 praeter
1377 966 1500 1038 Hertz-

241 1105 396 1193 bergium
422 1125 530 1193 paene
559 1125 678 1174 omnes
705 1104 905 1192 acceperint
938 1103 1058 1192 etqui
1090 1101 1256 1172 historias
1284 1097 1502 1184 scripserunt

242 1231 421 1300 literarum
439 1229 670 1299 Romanarum
688 1229 879 1318 probarint,
900 1227 929 1296 si
948 1228 1025 1315 quis
1052 1231 1204 1296 veterem
1226 1224 1323 1295 illum
1346 1221 1502 1291 ordinem

240 1354 405 1444 praefert,
426 1355 662 1444 aperiendum,
683 1373 745 1424 our
764 1355 813 1423 ita
832 1351 952 1441 faciat,
970 1351 1120 1422 videtur.

320 1477 574 1566 Lachmannus,
586 1499 663 1548 cum
683 1499 726 1548 ex
741 1479 850 1548 altero
871 1478 927 1567 qui
947 1475 1013 1547 fuit
1030 1475 1119 1546 libro
1139 1475 1226 1545 duos
1245 1472 1339 1562 iacit,
1356 1487 1502 1560 quorum

241 1604 397 1692 priorem
414 1623 503 1673 nona
523 1603 634 1690 elegia
654 1603 842 1690 concludit,
870 1601 933 1672 bas
960 1607 1032 1670 tres
1059 1601 1212 1670 rationes
1236 1597 1403 1687 sequitur.
1424 1593 1502 1664 Pri-

242 1749 333 1797 mum
353 1728 573 1798 intercidisse
593 1728 723 1817 aliquot
749 1727 924 1816 Propertii
953 1726 1103 1797 carmina
1123 1745 1164 1796 eo
1189 1724 1338 1812 coniicit,
1359 1720 1451 1812 quod
1469 1725 1506 1788 et

242 1859 475 1923 memorentur
494 1853 648 1924 nonnulli
659 1852 879 1942 Propertiani
894 1873 1012 1923 versus
1031 1873 1051 1922 a
1069 1850 1246 1940 veteribus
1265 1844 1504 1938 scriptoribus,

244 1978 302 2065 qui
320 1998 409 2047 nunc
428 1998 594 2067 nusquam
613 1979 844 2067 reperiantur,
874 1983 909 2046 et
936 1977 970 2047 in
1000 1976 1110 2046 altero
1140 1974 1228 2046 libro
1252 1972 1414 2043 nonnulla
1433 1990 1507 2039 car·

243 2103 336 2172 mina
354 2122 474 2190 parum
494 2102 584 2171 inter
604 2123 641 2172 se
670 2108 749 2191 apta
778 2102 848 2172 sint
877 2107 913 2171 et
940 2121 1104 2171 connexa.
1133 2100 1267 2170 Deinde
1290 2097 1334 2186 II,
1358 2099 1417 2165 50.
1439 2093 1506 2164 Sed

244 2234 378 2316 tempus
397 2227 547 2297 lustrare
567 2227 643 2297 aliis
671 2227 840 2298 Helicona
868 2227 1003 2297 choreis
1033 2265 1081 2278 —
1112 2225 1351 2314 negationum
1379 2213 1510 2290 habere·

244 2350 308 2418 nisi
327 2350 361 2418 iu
383 2349 496 2437 capite
516 2348 595 2417 libri
621 2349 779 2436 Augusto
807 2349 969 2421 dedicati.
996 2351 1176 2421 Postremo
1204 2345 1297 2438 quod
1325 2351 1380 2416 est
1406 2347 1440 2414 in
1459 2344 1506 2432 II,

250 2476 308 2570 13,
332 2477 390 2544 25.
423 2472 485 2542 Sat
502 2493 590 2561 mea,
611 2479 667 2542 set
693 2493 817 2563 magna
845 2479 912 2564 est,
932 2475 962 2544 si
981 2481 1052 2545 tres
1080 2476 1149 2544 sint
1171 2493 1298 2564 pompa
1316 2470 1437 2560 libelli,
1456 2509 1509 2522 --

245 2599 357 2668 tribus
376 2597 475 2667 libris
505 2598 653 2668 nondum
678 2597 844 2669 confectis
871 2620 936 2669 non
955 2599 1110 2688 potuisse
1139 2598 1207 2668 dici
1235 2597 1436 2668 arbitratur.
1456 2595 1511 2665 1111

246 2722 372 2812 quibus
391 2723 603 2810 argumentis
621 2723 769 2811 primum
789 2744 831 2793 ex
849 2730 949 2813 parte
969 2724 1138 2794 elevatum
1153 2728 1208 2794 est
1226 2719 1508 2806 abHertzbergio

247 2845 398 2937 (Quaest.
431 2846 594 2935 Propert.
614 2869 647 2938 p.
671 2852 757 2918 211.
778 2849 852 2938 ss).
874 2847 971 2936 Quod
992 2849 1083 2920 enim
1102 2847 1304 2938 Fulgentius
1324 2845 1377 2916 De
1396 2845 1511 2935 prisco

249 2991 450 3042 sermonen.
469 2975 527 3042 34.
541 2973 575 3041 in
594 2973 776 3044 dividiae
795 2973 886 3044 hunc
904 2995 1041 3044 versum
1054 2973 1236 3063 Propertio
1254 2969 1509 3042 tribuat-Di·

248 3095 356 3166 vidias
375 3096 500 3164 mentis
519 3095 658 3166 conficit
677 3099 787 3167 omnis
806 3119 912 3188 amor,
930 3139 980 3150 -—
999 3099 1034 3168 id
1053 3099 1179 3168 nullius
1198 3117 1272 3168 esse
1290 3095 1454 3187 ponderis
1469 3115 1510 3164 eo

249 3220 359 3311 docet,
381 3219 472 3306 quod
492 3220 583 3289 idem
603 3220 805 3309 Fulgentius
823 3223 858 3290 in
880 3222 986 3292 verbo
1007 3221 1226 3292 catillandi
1247 3221 1356 3291 eidem
1375 3218 1510 3289 auctori

248 3344 332 3414 haee
352 3343 484 3414 tribuat
503 3345 625 3415 verba:
662 3343 825 3415 Catillata
841 3346 934 3434 geris
953 3346 1160 3436 vadimonia,
1189 3345 1365 3434 publicum
1385 3345 1509 3434 prosti-

249 3468 377 3559 bulum,
399 3508 449 3518 -
469 3490 555 3558 quae
574 3469 755 3540 manifesto
775 3468 862 3540 alius
890 3470 1069 3560 scriptoris
1097 3470 1176 3541 sint.
1204 3469 1349 3540 Poterat
1372 3467 1510 3560 addere,

249 3593 378 3664 nullam
398 3593 533 3663 omnino
553 3596 893 3666 auctoritatemesse
912 3595 1106 3684 Fulgentii;
1127 3595 1169 3665 de
1188 3617 1255 3685 quo
1269 3595 1309 3665 L.
1322 3593 1510 3665 Lerscbius

250 3718 468 3807 (surgentius
487 3718 529 3788 ne
549 3719 718 3789 abstrusis
738 3718 967 3790 sermonibus.
988 3719 1127 3790 nouuuu
1151 3723 1262 3790 rens.
1274 3743 1308 3811 p.
1332 3720 1408 3809 rs.)
1426 3695 1529 3790 uuuu'

210 3823 213 3830 ’
251 3843 387 3913 scribit:
411 3841 486 3910 Wir
505 3841 618 3913 haben
639 3844 693 3914 die
712 3843 825 3934 Frage
854 3865 897 3913 zu
924 3843 1159 3932 entsoheiden,
1189 3844 1231 3913 ob
1251 3843 1326 3914 eine
1345 3863 1511 3932 granzen·

206 4024 210 4029 .
250 3966 321 4036 lose
348 3965 630 4055 Nacblassigkeit
659 3967 730 4038 und
765 3965 1064 4058 Vergcsslicblreit
1099 3967 1135 4037 in
1163 3967 1271 4059 jenen
1301 3965 1512 4038 fabelbaften

251 4089 500 4179 Erklbrungen,
520 4089 774 4181 Buchertiteln,
795 4091 1026 4180 Fragmenten
1052 4093 1109 4162 ihr
1132 4091 1382 4162 wunderliches
1401 4091 1511 4181 Spicl-

251 4215 352 4306 trieb,
373 4215 457 4286 oder
478 4215 521 4286 ob
541 4216 596 4286 ein
615 4215 860 4287 absichtlicher
873 4217 1007 4307 Betrug
1019 4217 1137 4308 jenem
1156 4215 1307 4290 Gewebe
1325 4237 1391 4288 von
1410 4216 1514 4287 Hulb-

254 4339 414 4430 wahrem,
428 4339 620 4429 Falschcm,
632 4340 916 4430 Wahnsinnigom
935 4363 976 4412 zu
996 4341 1137 4414 Grunde
1155 4341 1249 4432 liegt.
1276 4342 1372 4412 Idem
1389 4340 1514 4411 Hertz·

251 4463 388 4552 bergius
409 4484 489 4534 vere
508 4465 567 4556 ait,
588 4465 677 4554 quod
696 4466 740 4536 ad
759 4465 865 4555 Verg.
881 4465 957 4537 Ecl.
977 4465 1022 4556 V,
1045 4471 1109 4538 21:
1129 4467 1163 4537 in
1183 4465 1292 4536 Servii
1312 4465 1369 4554 qui
1389 4462 1515 4536 dicitur

251 4588 506 4658 commentariis
524 4588 608 4659 baec
626 4589 734 4660 verba
752 4629 803 4642 ·-
821 4594 952 4662 testes
972 4597 1064 4661 sunt
1082 4590 1218 4662 sidera
1234 4589 1347 4661 nobis
1367 4631 1418 4642 -
1432 4589 1516 4661 Pro-

252 4712 410 4802 pertiana
438 4709 608 4804 dicantur,
638 4713 673 4784 id
703 4719 860 4803 spectare
889 4715 931 4786 ad
959 4714 1064 4805 Prop.
1084 4715 1130 4805 ll,
1153 4717 1188 4805 9,
1209 4717 1271 4786 41.
1292 4713 1416 4786 Sidera
1435 4719 1516 4786 sunt

253 4843 362 4909 testes
382 4841 418 4906 et
428 4837 743 4926 matutinopruina3
760 4840 970 4930 -quodque
981 4841 1073 4912 idem
1084 4840 1225 4912 Servius
1235 4839 1438 4929 adGeorgI,
1457 4843 1513 4910 19.
