3600 5594
735 476 944 544 ..41-

209 709 272 758 sua
306 687 513 776 patrimonia
548 687 743 775 amiserint,
783 687 911 755 ceteris
947 685 1074 756 clarius
1107 686 1258 756 declarat
1290 686 1469 775 Appianns

207 833 285 901 pag.
310 813 382 882 107
388 815 436 900 5,
458 811 548 899 apud
568 831 668 900 quem
689 811 858 881 Antonius
878 812 926 881 ait
941 808 1164 881 Octavianum
1197 812 1265 882 isse
1284 811 1319 879 in
1333 809 1469 880 ltaliam

196 943 370 1037 ¹tanquam
389 955 523 1005 omnem
545 934 681 1005 ltaliam
708 934 848 1005 sedibus
872 935 944 1004 suis
965 941 1157 1004 emoturam
1175 925 1391 1024 (ἀναστήσων
1408 929 1469 1025 τήν

207 1050 486 1148 ’1661166ρυί11
505 1058 595 1148 quod
614 1057 761 1128 fortasse
781 1065 925 1147 quartus
944 1058 1034 1128 liber
1053 1079 1129 1129 cum
1150 1060 1260 1148 primo
1279 1059 1334 1129 vel
1352 1061 1469 1131 verbis

211 1183 383 1254 concinit?
424 1183 546 1272 Neque
566 1184 657 1252 enim
682 1203 824 1252 necesse
848 1187 905 1252 est
928 1182 1012 1253 illud
1039 1183 1188 1254 relicta
1211 1183 1253 1253 de
1272 1172 1468 1254 hereditate

210 1308 430 1396 accipiamus,
457 1307 518 1378 scd
541 1313 656 1394 potest
674 1305 717 1376 de
736 1307 812 1394 ipsa
832 1307 893 1376 illa
916 1308 1048 1394 pertica
1072 1313 1175 1395 atque
1200 1328 1363 1396 agrorum
1386 1309 1470 1380 divi-

179 1405 182 1415 *
207 1431 302 1502 sione
321 1432 442 1521 accipi,
462 1432 492 1501 si
511 1431 647 1519 quidem
667 1429 833 1520 quidquid
851 1431 1050 1517 patrimonii
1073 1452 1211 1520 quoquo
1235 1432 1337 1502 modo
1361 1432 1467 1502 relin-

207 1556 326 1643 quitur
345 1555 437 1629 dnmi
465 1555 682 1645 relinquitur.
713 1554 917 1624 Extremum
945 1553 1201 1626 Heimreicbine
1229 1561 1468 1646 argumentum

208 1679 271 1750 hoc
290 1677 431 1767 profert,
443 1688 481 1749 ut
495 1700 582 1769 quae
601 1679 642 1749 de
662 1678 825 1768 Apolline
844 1679 1003 1749 dicantur
1022 1699 1091 1750 vss.
1116 1683 1200 1752 133.
1228 1701 1254 1750 s.

313 1890 399 1961 Tum
417 1892 481 1961 tibi
501 1912 612 1980 pauca
630 1913 692 1962 suo
712 1892 753 1962 de
773 1891 924 1962 carmine
943 1890 1051 1962 dictat
1069 1892 1192 1980 Apollo

369 2013 414 2086 Et
433 2022 528 2086 vetat
546 2017 664 2087 insano
686 2015 791 2086 verba
809 2021 931 2085 tonare
951 2014 1089 2086 forn-

209 2246 249 2296 ea
269 2239 409 2316 sumpta
437 2225 529 2298 dicat
555 2247 598 2296 ex
622 2228 687 2316 ΙΙΙ,
710 2231 756 2315 3.,
780 2248 846 2317 qua
871 2249 907 2296 se
932 2228 1044 2318 elegia
1066 2227 1272 2317 Propertius
1297 2235 1414 2298 narrat
1432 2229 1467 2298 in

209 2351 376 2422 Helicone
396 2350 438 2420 ab
453 2350 610 2438 Apolline
629 2351 670 2420 ab
690 2352 787 2441 epico
808 2359 964 2441 poemate
979 2351 1022 2421 ad
1042 2352 1207 2424 amatoria
1221 2355 1467 2434 6666166666-

207 2481 333 2545 catum.
364 2477 411 2582 At
434 2475 519 2545 haec
549 2475 684 2564 quidem
709 2496 803 2545 mera
827 2481 880 2545 cst
903 2475 1025 2565 petitio
1048 2476 1221 2565 principii.
1250 2475 1353 2546 Prius
1377 2477 1467 2546 enim
1501 2515 1506 2528 ι

208 2599 439 2669 demonstrari
459 2599 638 2687 oportebat
657 2599 742 2669 hacc
761 2599 803 2669 ad
830 2601 1023 2690 exemplum
1043 2600 1221 2688 Propertii
1239 2601 1281 2671 ab
1302 2599 1380 2688 alio,
1401 2620 1467 2670 non
1504 2691 1507 2698 .

207 2722 342 2810 abipso
363 2743 438 2792 esse
462 2722 608 2811 scripta:
642 2733 715 2793 tum
735 2725 791 2813 qui
815 2724 1032 2813 potissimum
1054 2724 1152 2794 locus
1172 2744 1356 2813 expressus
1377 2730 1469 2796 esset
1557 2809 1563 2822 ς

208 2845 364 2914 indicari.
385 2844 451 2915 Sed
472 2857 509 2915 ut
529 2845 574 2915 sit
592 2845 788 2936 probatum,
816 2841 906 2936 quod
933 2853 994 2917 nec
1019 2846 1202 2936 probatum
1228 2853 1281 2917 est
1304 2867 1368 2918 nec
1387 2868 1467 2937 pro·
1526 2925 1528 2932 ,
1566 2936 1568 2944 .

210 2968 360 3058 habitur,
391 2969 449 3039 illo
470 2978 563 3039 certe
583 2991 624 3039 ex
644 2974 794 3041 carmine
823 2971 908 3041 haec
936 2972 1025 3041 sumi
1049 2971 1144 3041 nullo
1167 2979 1269 3061 pacto
1293 2977 1465 3061 poterant.

210 3089 307 3178 Quod
327 3093 416 3162 enim
435 3093 491 3162 hic
511 3092 650 3180 dicitur,
675 3093 710 3164 id
735 3096 798 3164 etsi
818 3079 940 3182 Apollo
966 3095 1145 3184 utrobique
1164 3102 1380 3164 memoratur
1400 3116 1467 3164 non

170 3263 174 3272 ·
207 3215 297 3285 idem
318 3216 480 3305 estquod
499 3215 570 3286 illic
589 3228 763 3286 narratur.
785 3217 851 3287 Hic
867 3217 990 3305 Apollo
1004 3217 1223 3304 Propertium
1244 3237 1264 3286 a
1283 3217 1396 3286 causis
1415 3216 1467 3286 di-

208 3341 324 3413 cendis
354 3348 389 3412 et
417 3341 612 3431 republica,
645 3341 714 3411 illic
743 3363 763 3412 a
790 3341 1003 3412 celebrandis
1034 3346 1194 3433 poemate
1227 3341 1332 3411 rebus
1360 3343 1467 3429 gestis

206 3465 438 3536 Romanorum
457 3473 592 3553 avocat;
617 3466 674 3536 hic
695 3487 736 3536 ea
755 3467 830 3555 ipsa
849 3486 936 3554 quae
961 3474 1062 3537 canat
1082 3467 1112 3535 ei
1131 3464 1255 3556 tradit,
1284 3465 1355 3536 illic
1375 3465 1467 3554 quod

206 3611 296 3679 quae
320 3591 390 3678 sint
411 3590 541 3659 tradita
569 3612 637 3660 non
664 3598 783 3661 teneat
809 3592 868 3660 sed
897 3591 1009 3662 aliena
1036 3596 1200 3680 sequatur
1231 3589 1465 3680 reprehendit.

207 3713 358 3784 Proximi
375 3719 490 3783 autem
508 3734 630 3783 versus
654 3714 755 3784 huius
782 3715 1061 3805 carminis,‘dico
1085 3717 1170 3785 135.
1191 3735 1253 3804 ss,
1283 3718 1400 3784 essent
1419 3712 1467 3781 illi

209 3839 344 3926 quidem
364 3835 545 3908 similiores
564 3837 643 3925 illis,
668 3839 697 3907 si
724 3844 839 3908 essent
859 3839 1049 3928 Apollinis:
1075 3844 1112 3908 61
1136 3858 1203 3907 666
1226 3837 1300 3907 6166
1324 3837 1383 3907 661
1404 3836 1466 3906 ho·

206 3962 344 4051 roscopi
363 3982 438 4031 esse
458 3981 523 4030 non
539 3959 676 4031 difficile
700 3968 753 4031 cst
772 3961 960 4034 intellectu.
993 3963 1081 4034 Nam
1095 3983 1161 4032 non
1180 3959 1280 4031 modo
1299 3959 1393 4031 nullo
1412 3960 1466 4030 di·
1585 4061 1586 4070 ἵ

207 4085 307 4154 66611
326 4086 431 4155 verbo
451 4083 673 4172 inducuntur,
695 4104 761 4171 quo
780 4086 846 4156 iam
861 4079 1059 4174 Apollinem
1075 4087 1191 4158 dicere
1206 4085 1389 4174 indicetur,
1406 4084 1467 4155 sed

207 4229 249 4278 ne
270 4209 439 4279 sententia
458 4209 607 4298 quidem,
628 4208 658 4277 si
678 4215 793 4277 essent
811 4208 993 4298 Apollinis,
1019 4231 1096 4280 cum
1121 4209 1357 4298 superioribus
1381 4207 1466 4277 satis

208 4335 440 4419 concinerent3
462 4333 492 4402 si
511 4333 660 4422 quidem,
683 4341 721 4402 ut
739 4329 838 4401 modo
858 4332 1015 4420 diximus,
1037 4335 1096 4424 qui
1123 4333 1229 4404 dictat
1248 4333 1289 4403 de
1308 4351 1370 4401 suo
1391 4350 1465 4401 car·

208 4455 310 4534 mine,
335 4456 524 4526 nonhabet
547 4477 610 4527 cnr
634 4456 668 4525 id
692 4455 783 4544 quod
810 4454 966 4525 adbiberi
994 4457 1077 4527 velit
1103 4455 1263 4526 carminis
1280 4474 1388 4544 genus
1407 4474 1467 4526 no·

207 4580 297 4650 mine
316 4578 487 4670 appellet:

313 4793 360 4862 At
377 4797 415 4860 tu
434 4787 523 4877 tinge
543 4791 696 4882 elegos,
717 4789 820 4863 fallax
839 4811 936 4881 opus,
955 4789 1040 4862 baec
1059 4795 1120 4861 tua
1138 4796 1264 4861 castra.
1285 4829 1336 4848 --
