3600 5594
754 451 964 519 ...5-

229 663 480 753 Lachmannus,
504 661 599 733 Haeo
623 661 762 751 quidem
789 681 866 732 eum
894 659 1144 751 superioribus,
1168 662 1291 753 inquit,
1317 685 1384 735 uon
1408 684 1491 736 sane

229 788 329 859 nimis
353 787 442 858 bene
466 792 599 892 coeunt.
625 786 700 858 Illic
723 785 813 857 enim
836 785 999 876 desperat
1021 791 1170 877 amator,
1203 787 1337 878 puellae
1361 788 1491 861 infideli

229 913 334 1002 cedit,
356 910 544 1002 Cupidines
564 932 601 982 se
620 911 776 982 omnibus
799 911 938 1001 spiculis
955 911 1005 982 ita
1023 917 1062 982 ut
1084 931 1227 1002 prorsus
1250 921 1372 1002 pereat
1391 913 1492 986 confi-

228 1059 311 1126 gere
330 1037 440 1108 iubet:
461 1056 553 1106 nuno
571 1041 714 1125 repente
733 1037 844 1107 solum
862 1057 902 1107 ao
917 1035 1021 1106 viduo
1037 1043 1115 1107 toro
1130 1037 1303 1109 victurum
1318 1059 1394 1110 sese
1410 1059 1491 1128 pro·

230 1162 348 1233 mittit.
370 1159 464 1248 Quae
483 1161 730 1249 Hertzbergius
752 1161 856 1252 adeo,
881 1169 920 1232 ut
941 1161 1085 1263 verbum
1113 1161 1241 1232 addere
1267 1163 1407 1253 longum
1435 1164 1491 1254 sit,

113 1339 115 1348 «
231 1287 298 1358 sibi
321 1286 459 1375 probari
486 1284 677 1377 profitetur.
709 1284 829 1358 Omnis
852 1286 960 1374 igitur
982 1306 1040 1356 res
1062 1286 1099 1356 in
1122 1284 1301 1359 affectibus
1323 1287 1491 1375 vertitur3

230 1425 312 1482 vere
332 1411 391 1482 illa
415 1411 647 1502 disputantur,
677 1412 706 1482 si
730 1419 791 1482 aut
813 1411 925 1482 nullae
954 1431 1069 1483 eorum
1093 1411 1347 1484 vicissitudines
1373 1412 1495 1484 iisdem

230 1535 435 1607 carminibus
454 1535 696 1626 exprimuntur
714 1542 774 1606 aut
794 1542 889 1607 certe
907 1535 938 1607 is
956 1537 1016 1626 qui
1035 1537 1090 1607 hic
1110 1537 1263 1608 cernitur
1280 1538 1365 1609 ordo
1384 1544 1421 1609 et
1438 1557 1493 1608 se·

231 1662 300 1732 ries
319 1659 503 1732 affectuum
530 1681 607 1732 esse
631 1681 699 1732 uon
723 1665 854 1750 potest:
887 1662 939 1731 sin
962 1660 1067 1732 iidem
1090 1659 1232 1733 affectus
1253 1662 1334 1732 alibi
1358 1683 1495 1754 quoque

234 1785 354 1856 eodem
372 1785 492 1857 ordine
511 1787 599 1857 alter
618 1785 766 1857 alterum
790 1785 975 1876 excipient,
1001 1784 1059 1857 hic
1083 1785 1187 1856 etiam
1209 1785 1308 1858 locus
1327 1789 1419 1858 omni
1437 1809 1493 1859 re·

231 1910 459 2002 prehensione
487 1910 634 1982 vacabit.
660 1908 729 1981 Sed
753 1910 914 1981 universe
939 1909 1116 1999 disputare
1140 1909 1183 1981 de
1207 1930 1369 1982 sensuum
1392 1917 1495 2004 atque

230 2033 416 2106 affectuum
442 2036 611 2107 varietate
633 2035 702 2106 iam
725 2054 1022 2125 supervacaneum
1046 2039 1108 2105 est.
1132 2034 1222 2128 ¹Etsi
1247 2035 1339 2106 enim
1360 2036 1439 2107 olim
1459 2038 1493 2107 in

231 2161 295 2231 hac
314 2161 416 2231 etiam
435 2165 475 2230 ιιι
493 2162 529 2231 in
545 2160 664 2232 multis
679 2160 753 2231 sine
768 2179 871 2232 causa
888 2159 1003 2230 haesit
1029 2155 1494 2252 Hofmann-Peerlhampius,

231 2305 309 2356 cum
327 2284 466 2356 Horatii
485 2286 636 2356 carmina
654 2285 842 2374 depravare
867 2288 1011 2355 conatus
1034 2288 1102 2375 est,
1127 2288 1310 2374 postquam
1327 2283 1494 2375 Naegels-

233 2408 375 2494 bachius
394 2408 436 2480 de
455 2429 497 2479 ea
515 2409 705 2499 disputavit
724 2407 768 2480 ad
777 2407 862 2480 Hor.
874 2405 913 2478 C.
925 2405 954 2497 I,
972 2409 1031 2478 37.
1044 2405 1089 2499 (³⁸)
1107 2413 1143 2478 et
1161 2408 1306 2480 eandem
1324 2409 1494 2480 rationem

231 2533 463 2606 Doederiinus
487 2532 530 2605 ad
549 2532 634 2604 Hor.
657 2531 695 2605 C.
716 2531 764 2623 II,
794 2535 852 2606 13.
877 2531 1051 2603 adhibuit:
1082 2531 1157 2622 quis
1181 2529 1328 2624 dubitet,
1352 2533 1434 2623 quin
1458 2539 1496 2604 ut

232 2664 347 2728 motus
365 2659 416 2728 illi
434 2658 625 2728 animorum
645 2657 790 2728 maxime
809 2653 1061 2728 adumbrentur
1078 2656 1129 2727 ita
1143 2656 1297 2728 carmina
1319 2662 1498 2748 praestan·

233 2782 365 2854 tissima
391 2788 426 2853 et
452 2781 705 2872 perfectissima
741 2779 967 2853 existimanda
998 2781 1088 2852 sint?
1124 2780 1215 2852 Nam
1250 2803 1361 2872 neque
1392 2783 1497 2854 animi

234 2927 381 2996 unquam
399 2907 540 2979 humani
557 2907 607 2978 ita
625 2906 734 2998 quieti
752 2927 796 2998 ac„
811 2906 929 2998 potius
951 2904 1082 2996 torpidi
1100 2910 1182 2976 sunt
1198 2911 1239 2977 ut
1256 2907 1341 2978 nihil
1359 2927 1495 2980 movea-

233 3036 302 3121 tur,
323 3051 434 3120 neque
452 3031 591 3102 habitus
610 3052 732 3102 eorum
749 3031 959 3102 carminibus
977 3050 1061 3101 vere
1081 3029 1294 3122 referuntur,
1310 3032 1378 3103 nisi
1390 3033 1497 3104 variis

234 3154 392 3226 sensibus
421 3162 587 3225 ornantur
616 3163 652 3226 et
683 3155 955 3244 distinguuntur.
995 3154 1181 3225 Videamus
1216 3154 1325 3244 igitur
1362 3157 1405 3226 de
1431 3156 1497 3228 hac

234 3279 344 3369 elegia
361 3279 573 3368 singillatim.
611 3277 750 3350 Perfida
767 3299 804 3348 es
820 3277 980 3368 Cynthia,
1004 3278 1117 3367 inquit
1138 3277 1343 3368 Propertius
1361 3281 1411 3372 (l.
1434 3283 1496 3392 h),

234 3410 353 3476 contra
368 3424 407 3476 aa
426 3391 599 3494 Penelope
627 3408 663 3474 et
680 3403 812 3474 Briseis
839 3405 889 3492 (3.
915 3404 1000 3495 18.),
1019 3407 1091 3472 tam
1108 3401 1253 3494 perfida,
1273 3410 1314 3476 ιιι
1332 3425 1396 3477 neo
1416 3406 1496 3479 bre-

233 3525 1496 3623 vissimumtempusvacestl9,20.),necquiddeoeatquaeras(21.22),

287 3894 323 3965 (*)
337 3893 491 3949 Mdnchner
505 3893 637 3950 Gelehrte
651 3892 794 3963 Anaeigen
815 3895 890 3948 1842.
905 3892 939 3948 N.
956 3893 1013 3947 183.
1029 3891 1056 3947 S.
1069 3892 1131 3946 437.
1149 3891 1275 3948 Drittens
1288 3895 1435 3952 udnschen
1449 3897 1499 3954 wir
1620 3953 1623 3960 ,

235 4001 287 4040 von
300 3984 354 4039 den
367 3983 522 4052 Auslegern
535 3981 563 4035 in
577 3981 630 4036 den
644 3981 721 4036 Oden
734 3982 874 4052 dasjenige
888 3979 1012 4037 sch'arfer
1030 3981 1073 4037 ius
1087 3981 1166 4050 Auge
1186 3979 1364 4052 petasatum
1381 3986 1430 4040 wir
1445 4002 1498 4042 uns

236 4075 367 4130 erlauben
381 4073 426 4128 die
440 4071 559 4142 lyrische
573 4071 722 4140 Haudlnng
735 4089 769 4126 zu
783 4087 898 4127 neuneu.
916 4071 978 4126 Wir
992 4070 1140 4126 verstehen
1153 4071 1285 4126 darunter
1299 4071 1354 4129 deu
1368 4073 1497 4132 Wechsel

236 4164 291 4218 und
304 4162 472 4218 Fortschritt
489 4160 712 4228 nonsummum,
735 4160 779 4216 die
799 4161 953 4229 Bewegung
971 4160 1027 4215 und
1042 4160 1098 4221 ‚den
1112 4159 1232 4215 Verlaut
1246 4159 1295 4216 der
1313 4161 1429 4219 Gefdhle
1450 4165 1497 4220 des

236 4253 372 4308 Dichters.
386 4251 424 4306 Es
437 4251 549 4306 bleiben
563 4249 622 4304 sich
636 4249 711 4304 diese
724 4248 753 4302 in
767 4248 857 4303 rielen
871 4249 947 4305 Oden
961 4248 1038 4304 nicht
1051 4247 1156 4319 gleicb3
1170 4265 1200 4304 es
1213 4249 1280 4318 geht
1292 4249 1438 4307 innerhnlb
1451 4253 1499 4309 des

236 4340 335 4396 Liedes
358 4346 440 4396 etwas
457 4355 515 4394 ror.
529 4369 564 4380 -
576 4339 614 4394 Ει
631 4355 706 4394 mox:
725 4337 783 4393 Das
796 4337 1022 4393 Vorhandensein
1040 4337 1107 4392 oder
1125 4338 1230 4394 Fehlen
1248 4338 1340 4394 dieser
1358 4339 1499 4410 lyrischeu

236 4429 387 4499 Handlung
399 4445 472 4485 muss
485 4428 612 4483 relevant
624 4428 732 4483 werden
746 4427 791 4482 far
809 4427 854 4482 die
868 4427 973 4482 hbhere
991 4427 1141 4482 besonders
1159 4427 1327 4482 arthetisehe
1342 4428 1435 4484 Kritik
1449 4429 1498 4487 des

237 4519 383 4586 Dichters3
396 4518 468 4573 deun
480 4533 559 4573 wenn
572 4517 621 4571 wir
634 4532 686 4572 uns
704 4516 776 4572 auch
790 4516 877 4572 durch
891 4515 1019 4571 letzteres
1033 4515 1109 4570 nicht
1123 4514 1210 4571 sofort
1223 4515 1384 4572 bestimmon
1398 4517 1498 4588 lassen,

237 4608 298 4663 eine
312 4605 370 4662 Ode
383 4605 429 4660 fur
442 4606 543 4661 untcht
556 4607 740 4675 auszugeben,
759 4622 789 4661 so
811 4605 877 4661 wird
902 4603 971 4660 doch
989 4603 1038 4660 der
1052 4603 1149 4660 Werth
1168 4603 1244 4659 einer
1266 4605 1380 4662 solohen
1393 4608 1498 4665 minder

237 4702 308 4758 hoob
330 4698 529 4767 auzuschlagen
546 4699 606 4754 sein
630 4703 695 4754 cett.
711 4730 744 4740 -
758 4697 916 4768 Dbderlein,
933 4695 1028 4752 Bedon
1052 4695 1108 4750 und
1129 4694 1271 4767 Aufsttne,
1288 4699 1314 4752 2.
1333 4695 1497 4766 Summlung.

237 4793 377 4860 Erlangen
397 4789 474 4858 1847,
488 4804 550 4858 pag.
566 4791 627 4858 221,
641 4803 676 4843 ss.
