3600 5594
741 451 947 520 ..39..

217 665 369 737 tumdem
388 663 462 735 fere
482 662 523 734 de
543 685 605 734 sua
624 663 736 753 patria
755 661 888 738 duobus
907 663 991 733 loeis
1010 662 1118 733 tradit
1133 661 1288 752 Ovidius,
1310 663 1367 752 qui
1385 669 1478 750 post-

218 813 317 880 quam
337 794 414 861 Am.
436 790 483 877 II,
508 794 540 878 l,
565 795 597 858 1.

250 1017 252 1022 ’
322 1021 396 1090 1111
416 1039 560 1108 quoque,
581 1018 704 1106 iuquit,
725 1015 898 1104 composui
917 1015 1069 1106 Pelignis
1090 1023 1190 1086 natus
1211 1017 1348 1106 aquosis
1361 1056 1411 1066 -

222 1253 295 1320 Am.
318 1249 380 1338 III,
405 1253 462 1337 15,
482 1249 528 1321 in.
550 1249 635 1318 haee
655 1185 770 1316 addit:

326 1485 360 1550 2.
382 1478 474 1566 Quos
495 1499 558 1568 ego
579 1477 769 1566 composui,
787 1475 921 1562 Peligni
941 1475 1032 1546 ruris
1051 1476 1269 1545 alumnus——

327 1641 360 1708 5.
382 1637 417 1708 Si
437 1637 520 1726 quid
539 1636 573 1705 id
593 1644 656 1723 est,
677 1655 784 1724 usque
804 1655 825 1703 a
842 1635 980 1722 proavis
1000 1642 1100 1703 vetus
1120 1634 1247 1704 ordinis
1268 1634 1381 1721 heres,

430 1761 507 1832 Nou
527 1761 629 1831 modo
647 1759 793 1828 militiae
811 1758 948 1828 turbine
968 1756 1081 1827 faetus
1101 1779 1216 1847 eques.

329 1925 362 1992 8.
382 1920 547 2008 Pelignae
567 1919 664 1990 dicar
682 1918 794 2008 gloria
812 1919 924 2006 gentis
944 1938 1018 2008 ego.

307 2084 362 2150 ll.
386 2082 499 2165 Atque
520 2077 643 2166 aliquis
661 2083 820 2165 spectans
840 2078 966 2166 hospes
986 2076 1157 2149 Sulmonis
1176 2077 1298 2166 aquosi

433 2201 585 2290 Moenia,
605 2200 663 2288 qui
681 2201 792 2288 campi
810 2202 933 2288 iugera
950 2220 1056 2288 parva
1076 2209 1207 2288 tenent,

383 2325 478 2413 Quae
496 2334 641 2415 tantum,
663 2325 765 2416 dicet,
786 2329 946 2416 potuistis
965 2327 1059 2397 serre
1077 2336 1223 2416 poetam,

437 2448 744 2538 Quantulaounque
764 2451 859 2534 estis,
879 2471 941 2520 vos
961 2471 1025 2540 ego
1046 2471 1167 2540 magna
1184 2461 1279 2521 1111.

224 2699 296 2768 Aut
315 2698 421 2787 igitur
439 2696 579 2786 utrique
597 2703 658 2766 aut
676 2697 792 2766 neutri
811 2697 982 2786 posterius
1002 2718 1141 2768 carmen
1156 2695 1391 2786 derogandum
1406 2696 1483 2766 erit.

227 2822 338 2892 Venio
362 2820 405 2890 ad
429 2821 564 2892 tertiam
589 2819 817 2891 Heimreiehii
841 2822 1023 2911 rationem,
1049 2844 1115 2912 qua
1140 2822 1293 2910 spurium
1318 2822 1383 2892 hoe
1411 2839 1486 2890 esse

228 2962 366 3012 carmen
385 2943 428 3012 iis
446 2964 534 3032 quae
553 2943 595 3012 de
614 2943 725 3032 patris
749 2952 860 3014 morte
885 2947 1067 3016 immatura
1092 2944 1252 3016 dieantur
1271 2945 1389 3014 studet
1405 2965 1485 3034 pro-

229 3068 324 3155 bare,
353 3069 478 3156 quippe
508 3067 634 3154 quibus
662 3067 746 3138 illud
773 3071 862 3139 male
890 3070 1091 3158 explicetur,
1121 3068 1212 3158 quod
1240 3069 1267 3156 I,
1300 3073 1360 3162 22,
1386 3073 1420 3140 7.
1446 3069 1487 3139 de

227 3191 391 3280 proiectis
409 3191 575 3260 membris
590 3190 774 3278 propinqui
792 3201 971 3262 narratum
992 3195 1048 3262 sit.
1069 3191 1164 3279 Quae
1180 3192 1208 3262 si
1225 3200 1279 3260 est
1293 3191 1487 3280 explicatio,

229 3335 292 3384 eur
309 3314 399 3384 mala
418 3321 453 3385 et
482 3333 569 3402 quae
592 3314 852 3403 interpolatoris
879 3317 988 3404 possit
1015 3335 1101 3403 esse,
1130 3315 1238 3404 ipsius
1265 3321 1390 3405 poetae
1421 3333 1489 3384 non

228 3438 333 3508 item?
352 3438 407 3508 An
427 3438 517 3526 quod
537 3439 595 3528 qui
614 3459 681 3509 uno
701 3438 777 3510 1111
800 3440 912 3510 miuus
934 3440 1075 3528 proprie
1098 3441 1312 3531 propinquus
1335 3440 1489 3527 appella·

229 3569 285 3632 tus
304 3568 368 3650 est,
387 3561 444 3630 hio
463 3562 605 3651 proprio
626 3564 734 3652 patris
753 3564 890 3634 nomine
910 3562 1127 3653 appellatur?
1147 3564 1195 3634 At
1214 3565 1264 3634 sie
1284 3563 1359 3650 ipse
1375 3583 1491 3633 seeum

230 3691 361 3774 pugnet
392 3684 668 3774 Heimreiohius,
699 3687 759 3775 qui
778 3708 882 3778 supra
910 3708 1012 3776 quem
1044 3687 1272 3757 tractavimus
1300 3686 1409 3756 locum
1437 3685 1490 3755 id·

112 3863 120 3870 .
232 3809 324 3879 11111
343 3808 378 3878 in
398 3806 539 3879 dubium
558 3817 668 3898 vorat,
699 3809 787 3898 quod
816 3810 898 3880 nihil
917 3811 996 3880 novi
1021 3807 1167 3888 adferat,
1192 3809 1281 3880 huno
1302 3809 1391 3897 quod
1410 3808 1491 3881 affe·

232 3937 287 4001 rat
305 3931 447 4020 aliquid.
469 3931 538 4003 Sed
557 3931 733 4003 mittamus
753 3934 852 4005 haee:
878 3955 944 4005 non
969 3935 1059 4005 euim
1078 3933 1220 4006 dubium
1240 3932 1388 4023 videtur,
1410 3933 1492 4022 quin

234 4055 270 4124 hi
290 4055 356 4125 duo
375 4055 443 4126 loci
463 4055 506 4126 ad
525 4055 678 4126 diversos
698 4055 853 4128 homines
869 4058 1043 4129 referendi
1059 4060 1139 4128 sint.
1155 4058 1242 4130 Nam
1259 4057 1359 4146 quil,
1377 4062 1438 4144 22,
1456 4061 1491 4127 7.

232 4177 297 4248 hoo
317 4177 474 4249 dixerat:

339 4406 391 4476 Tu
411 4408 596 4495 proiecta
614 4409 681 4478 mei
700 4427 865 4496 perpessa
886 4425 922 4478 es
941 4410 1094 4479 membra
1114 4411 1308 4499 propinqui,

394 4529 445 4598 Tu
464 4531 574 4600 nullo
593 4531 710 4601 miseri
731 4514 883 4620 contegis
902 4551 994 4602 ossa
1013 4534 1099 4603 solo
1118 4571 1163 4584 -

236 4759 268 4830 is
287 4779 353 4830 non
371 4765 508 4847 poterat
526 4760 568 4829 de
589 4761 709 4832 eodem
728 4761 793 4834 lroo
811 4761 926 4834 dicere
945 4760 1008 4849 IV,
1034 4766 1065 4848 l,
1090 4765 1174 4832 127.
