3600 5594
732 533 781 543 ..
812 496 940 564 89·-

197 705 229 774 ei
249 703 395 774 salutem
416 723 518 794 quam
537 703 639 807 petit,
659 723 728 775 non
747 703 830 776 deas
851 724 937 793 quas
957 704 1123 793 impl‘orat
1138 705 1299 794 cuiquam
1315 705 1472 795 opponit;

197 827 343 916 denique
363 827 392 916 I,
415 827 451 915 5,
472 829 506 898 9.
527 847 572 898 s.:

250 1029 258 1048 “
305 980 405 1108 Quae
421 1021 451 1091 si
469 1019 559 1093 lorte
579 1021 650 1092 tuis
669 985 736 1092 nou
755 1027 810 1092 est
829 1021 1007 1092 contraria
1026 1022 1134 1093 votis:
1232 1082 1234 1086 .

357 1143 406 1215 nt
424 1143 671 1216 tibicnrarum
691 1144 801 1214 millia
820 1150 948 1234 quanta
967 1144 1078 1215 dabit!
1102 1184 1149 1197 —

196 1357 276 1407 nam
305 1337 509 1426 obsequium
538 1338 691 1408 eiusdem
715 1342 769 1408 est
789 1336 957 1426 Cynthiae
978 1357 1065 1425 quae
1086 1358 1247 1409 curarum
1266 1344 1387 1410 auctor
1408 1345 1473 1410 est.

199 1498 245 1512 -
268 1461 344 1530 Hoc
362 1461 404 1531 de
423 1481 488 1531 usu
508 1467 548 1530 at
567 1458 760 1549 particulae
779 1460 981 1531 Dietschius
1009 1460 1053 1531 ad
1074 1459 1215 1532 Sallust.
1235 1463 1311 1551 Iug.
1335 1466 1395 1533 26.
1425 1463 1474 1553 (in

161 1619 162 1622 ¹
198 1582 351 1654 editione
371 1585 449 1655 anni
474 1585 588 1673 1845)
608 1582 776 1674 disputat,
806 1585 864 1672 qui
885 1584 1021 1673 quidem
1043 1589 1079 1655 et
1097 1584 1247 1656 solemne
1266 1606 1341 1656 esse
1361 1586 1473 1676 docet,

198 1712 238 1775 ut
264 1702 371 1794 ipsam
399 1707 609 1797 particulam
638 1709 755 1780 statim
783 1728 907 1779 nomen
936 1709 1116 1797 proprium
1138 1710 1193 1779 vel
1215 1708 1283 1779 alia
1306 1729 1474 1799 personae

199 1828 421 1919 significatio,
452 1832 612 1920 inprimis
641 1851 827 1920 pronomen
852 1831 1019 1921 excipiat,
1050 1839 1086 1902 et
1105 1833 1358 1922 oppositionem
1378 1833 1476 1904 addit

199 1953 291 2023 haud
310 1974 392 2025 raro
413 1955 465 2024 rei
485 1974 572 2045 esse,
594 1975 661 2025 non
681 1975 857 2044 personae.
879 1953 945 2026 Sed
965 1956 1009 2026 ad
1028 1955 1116 2026 hanc
1136 1955 1397 2027 similitudinem
1417 1957 1474 2027 hic

198 2097 335 2166 quoque
364 2078 494 2149 dictum
523 2085 591 2163 est,
621 2100 733 2169 neque
763 2086 817 2149 est
840 2079 1074 2167 quaerendum
1094 2080 1150 2149 cui
1169 2079 1245 2168 ipsa
1265 2100 1303 2149 se
1323 2084 1475 2168 opponat

198 2199 364 2290 Cynthia,
394 2201 455 2272 sed
483 2221 586 2290 quam
614 2223 689 2272 rem
718 2203 775 2272 cni
805 2204 854 2272 rei
883 2208 1045 2291 opponet.
1084 2200 1172 2272 Cum
1200 2207 1317 2273 autem
1341 2202 1384 2272 ab
1409 2201 1474 2272 hoc

196 2344 300 2402 versu
320 2345 492 2414 exponere
511 2325 664 2413 incipiat,
691 2331 854 2414 quantam
873 2330 1012 2394 mortua
1031 2325 1066 2393 in
1085 2325 1351 2395 contemtionem
1371 2344 1474 2394 vene-

196 2448 259 2535 rit,
290 2468 396 2535 supra
416 2468 504 2536 quae
523 2448 601 2517 viva
619 2447 802 2535 Propertio
822 2453 923 2536 grata
942 2446 1066 2518 lecerit
1086 2456 1283 2518 recenseat:
1313 2448 1391 2537 quis
1411 2446 1474 2516 du-

199 2569 285 2640 bitet
314 2570 397 2660 quin
425 2578 466 2640 at
489 2571 662 2661 particula
690 2571 774 2640 haec
802 2573 876 2658 ipsa
899 2571 989 2640 ratio
1010 2571 1230 2641 declaretur?
1249 2609 1301 2622 -
1320 2571 1368 2640 At
1388 2591 1475 2660 quae

199 2673 353 2782 proxime
378 2693 604 2785 antecedunt,
634 2696 677 2766 iis
705 2696 773 2764 iam
798 2715 865 2765 non
885 2695 928 2765 de
948 2695 1107 2782 pristinis
1125 2692 1303 2765 beneficiis
1321 2694 1476 2784 loquitur

201 2818 261 2887 sed
281 2818 323 2888 de
342 2815 482 2888 foedere
501 2818 630 2888 violato
650 2818 824 2907 queritur;
845 2818 931 2888 haec
952 2818 1042 2887 enim
1062 2819 1114 2887 vis
1135 2825 1187 2888 est
1205 2818 1357 2888 illorum:

304 3010 474 3081 Foederis
493 3012 564 3079 heu
582 3012 695 3081 taciti!
727 3011 834 3081 Cuius
854 3010 990 3080 fallacia
1009 3011 1117 3081 verba

351 3132 435 3204 Non
456 3132 608 3202 audituri
630 3134 803 3221 diripuere
823 3133 918 3202 Noti.
931 3172 981 3182 -

197 3345 329 3432 Audio;
350 3345 412 3415 sed
432 3344 604 3432 oppositio
625 3365 692 3414 non
711 3364 848 3432 semper
867 3342 910 3413 ad
929 3344 1085 3432 proxime
1101 3363 1258 3432 quaeque
1269 3342 1474 3413 anteceden-

197 3469 265 3553 tia,
297 3468 358 3539 sed
386 3468 479 3543 haud
508 3488 588 3538 raro
617 3467 661 3537 ad
688 3469 894 3557 gravissima
925 3487 1083 3558 quaeque
1117 3488 1159 3538 ex
1187 3467 1473 3538 antecedentibus

199 3597 345 3681 spectat,
366 3599 405 3661 ut
422 3592 513 3660 inter
532 3612 573 3660 ea
592 3612 681 3679 quae
703 3592 955 3680 oppositionem
975 3592 1152 3661 sustinent
1166 3591 1233 3661 alia
1246 3591 1386 3661 levioris
1403 3609 1474 3659 mo-

197 3715 305 3785 menti
323 3714 553 3784 intercedant.
575 3714 677 3785 Hunc
697 3716 732 3784 in
752 3715 890 3785 modum
911 3715 976 3802 III,
994 3718 1055 3792 20,
1075 3719 1108 3785 5.
1127 3736 1171 3784 ss.
1189 3714 1275 3784 haec
1295 3713 1473 3784 dicuntur:

306 3923 428 3996 Credis
446 3944 523 3993 eum
542 3924 611 3993 iam
630 3946 734 4013 posse
754 3933 835 3997 tuae
855 3927 1053 3996 meminisse
1072 3923 1215 4015 figurae,

358 4047 490 4119 Vidisti
510 4067 531 4116 a
548 4046 639 4117 lecto
659 4068 760 4136 quem
781 4049 865 4118 dare
885 4048 961 4119 vela
979 4049 1061 4118 tuo?

304 4172 423 4241 Durus
443 4172 501 4260 qui
521 4171 635 4259 potuit
652 4170 751 4242 lucro
772 4179 906 4241 mutare
925 4173 1087 4260 puellam.

358 4294 503 4364 Tantine
521 4294 577 4365 his
597 4293 749 4365 lacrimis
768 4292 889 4364 Africa
907 4299 982 4364 tota
1000 4292 1089 4364 luit?

305 4419 354 4488 At
373 4424 410 4489 tu
430 4417 537 4489 stulta
557 4419 652 4510 deca,
672 4425 710 4487 tu
729 4415 830 4505 lingis
849 4418 964 4487 inania
982 4418 1167 4502 verba—3

198 4647 276 4698 nam
304 4629 397 4700 inter
425 4630 677 4721 oppositionem
701 4628 826 4719 perfidi
845 4630 1010 4700 amatoris
1032 4626 1190 4716 fidaeque
1209 4623 1340 4697 amicae
1359 4625 1473 4696 medio

197 4749 345 4823 disticho
374 4753 486 4823 aliena
505 4755 678 4826 sententia
695 4753 880 4826 interiecta
899 4759 969 4842 est,
999 4771 1087 4841 quae
1108 4749 1176 4822 etsi
1194 4769 1272 4821 cnm
1291 4769 1395 4821 causa
1413 4767 1471 4818 co·
