3600 5594
10 3941 12 4040 l

738 485 945 552 ..69-

214 692 314 764 abest
331 703 369 762 nt
387 692 431 764 ad
450 712 575 764 novum
589 700 775 766 amatorem
794 695 1019 766 irretiendum
1034 693 1250 768 referendum
1272 697 1327 786 sit,
1350 706 1468 770 utnon

216 817 327 905 possit
351 816 417 888 nisi
440 815 482 888 de
506 827 608 905 capto
629 818 695 888 iam
726 824 881 890 amatore
908 819 1031 908 accipi;
1063 821 1091 890 si
1121 821 1259 909 quidem
1288 821 1329 892 de
1354 842 1470 894 amore

215 942 337 1012 audire
365 950 506 1034 oportet
533 963 627 1030 eum,
656 941 715 1030 qni
751 942 825 1030 ipse
855 963 891 1017 se
919 944 1122 1032 magistrum
1151 945 1281 1016 amoris
1308 945 1470 1034 nominat,

216 1063 374 1136 Ovidium
394 1065 482 1154 dico,
503 1067 561 1154 qui
580 1064 624 1136 Α.
645 1065 687 1136 Α.
708 1065 754 1153 ΙΙ,
776 1068 836 1136 91.

320 1258 397 1330 Nou
417 1257 502 1330 satis
521 1263 585 1344 est,
606 1257 728 1344 iuquit,
747 1257 880 1328 venisse
899 1257 964 1328 tibi
984 1279 1037 1328 me
1057 1264 1133 1329 vate
1152 1259 1309 1347 puellam.

372 1385 459 1452 Arte
479 1402 553 1451 mea
571 1387 672 1470 capta
692 1387 764 1451 est:
785 1389 861 1450 arte
881 1382 1028 1452 tenenda
1046 1403 1121 1452 mea
1140 1389 1203 1454 est.

214 1573 301 1644 Item
319 1595 384 1644 non
407 1575 442 1644 in
466 1573 601 1644 initium
626 1575 764 1663 amoris,
793 1573 853 1644 sed
881 1575 916 1643 in
944 1572 1182 1646 confirmatum
1210 1575 1277 1646 iam
1306 1581 1341 1646 et
1359 1576 1467 1647 stabi-

215 1697 312 1766 litum
331 1719 481 1768 amorem
501 1718 542 1768 ea
560 1697 699 1787 cadunt,
723 1718 809 1783 quae
829 1697 883 1766 his
907 1698 1063 1768 versibus
1087 1699 1357 1788 praecipiuntur.
1386 1698 1468 1771 Sua·

214 1821 319 1926 detur
336 1823 437 1908 enim,
456 1829 496 1892 nt
514 1819 671 1895 rivalium
692 1830 801 1892 metus
820 1822 1013 1892 amantibus
1032 1821 1213 1894 afferatur:
1234 1831 1270 1894 at
1293 1823 1470 1894 audiamus

215 1966 336 2016 rursus
355 1945 499 2016 eundem
519 1943 679 2016 Ovidium
700 1945 740 2016 A.
763 1945 804 2014 A.
823 1944 888 2032 ill,
911 1948 996 2018 591.
1017 1965 1062 2016 ss.

319 2157 408 2227 Dum
428 2156 520 2227 cadit
539 2157 573 2227 in
592 2155 732 2245 laqueos
751 2162 871 2243 eaptus
891 2136 1026 2247 quoque
1047 2178 1156 2246 nuper
1174 2164 1316 2247 amator,
1369 2121 1380 2136 „

372 2278 489 2352 Solum
508 2301 544 2350 se
563 2279 729 2350 thalamos
748 2288 862 2366 speret
875 2280 1003 2351 habere
1021 2288 1109 2352 tuos.

316 2403 500 2474 Postmodo
520 2402 664 2472 rivalem
684 2403 879 2490 partitaque
898 2401 1039 2475 foedera
1058 2404 1140 2474 lecti

373 2525 530 2598 Sentiat.
549 2526 612 2596 has
631 2531 724 2596 artes
743 2525 844 2611 tolle;
864 2533 1022 2596 senescet
1040 2547 1147 2597 amor.

214 2738 329 2824 Atque
348 2737 467 2808 eadem
487 2737 737 2808 sententiolam
756 2737 851 2824 prius
870 2758 890 2808 a
908 2758 957 2808 vs.
981 2741 1065 2810 559.
1081 2733 1280 2827 exponitur.
1301 2736 1394 2824 Ergo
1413 2735 1468 2806 his

216 2862 369 2932 versibus
388 2861 429 2932 de
450 2861 568 2932 eodem
592 2867 744 2931 amatore
764 2870 868 2947 atque
892 2861 1126 2950 superioribus
1146 2862 1362 2952 disputatnr3
1387 2880 1467 2930 con-

218 2988 416 3055 sentaneum
436 2993 550 3055 autem
569 2993 631 3071 est,
656 2989 836 3072 postquam
861 2985 902 3055 de
922 2985 1055 3056 artibus
1078 2987 1241 3073 pecuniae
1260 2983 1468 3070 colligendae

214 3107 343 3178 dictum
363 3108 418 3197 sit,
440 3107 562 3197 quibus
581 3106 715 3176 artibus
734 3112 868 3177 amator
887 3107 1108 3176 nihilominus
1128 3109 1319 3176 retineatur
1337 3105 1466 3193 doceri,

215 3230 440 3319 similiterque
460 3229 603 3302 Ovidius
622 3235 806 3319 antequam
830 3250 871 3300 ea
893 3250 979 3318 quae
1002 3230 1181 3300 attulimus
1202 3228 1409 3318 praescribit
1427 3227 1468 3298 de

214 3355 411 3426 muneribus
435 3353 642 3443 accipiendis
669 3352 833 3442 loquitur,
863 3353 927 3423 etsi
956 3353 985 3422 is
1010 3351 1146 3442 quidem
1176 3359 1295 3444 poetas
1317 3329 1467 3422 carmina

213 3497 281 3548 non
301 3497 444 3548 munera
462 3477 589 3548 debere
613 3476 775 3548 declarat.
806 3478 854 3547 At
876 3476 1019 3566 poximis
1049 3476 1203 3548 versibus
1226 3495 1294 3546 non
1318 3476 1359 3546 de
1382 3474 1466 3544 diri-

213 3602 348 3691 piendis
368 3601 544 3672 veteribus
567 3586 626 3671 sed
651 3601 693 3671 de
719 3599 884 3689 eligendis
912 3602 1008 3670 novis
1037 3599 1247 3670 amatoribus
1275 3601 1329 3688 agi
1357 3597 1467 3686 quivis

213 3722 313 3796 facile
331 3724 528 3815 perspiciet,
550 3725 609 3813 qni
627 3743 685 3794 eos
705 3724 889 3813 diligenter
905 3723 1113 3813 perlegerit:

281 3940 341 4007 47.
370 3935 501 4008 Ianitor
518 3933 561 4005 ad
582 3933 702 4006 dantes
723 3934 861 4026 vigilet:
882 3936 911 4005 si
930 3935 1043 4023 pulset
1062 3933 1172 4004 inanis

423 4058 555 4131 Surdus
574 4057 608 4128 in
628 4057 810 4130 obductam
831 4059 976 4128 somniet
994 4077 1103 4145 usque
1123 4077 1245 4128 seram.

371 4183 444 4254 Nec
462 4182 525 4253 tibi
545 4179 722 4270 displiceat
740 4181 838 4251 miles
857 4173 924 4252 non
942 4178 1053 4254 factus
1071 4183 1192 4272 amori,

424 4307 540 4378 Nauta
557 4325 620 4376 neo
639 4304 760 4376 attrita
778 4305 807 4374 sl
826 4305 914 4374 ierat
931 4325 1013 4377 aera
1030 4325 1146 4391 manu,

373 4429 444 4499 Aut
464 4449 605 4518 quarum
627 4427 749 4498 titulus
766 4447 830 4516 per
848 4427 995 4497 barbara
1014 4428 1101 4498 colla
1117 4424 1291 4518 pependit,

339 4603 341 4610 -
427 4549 557 4622 Caelati
576 4549 688 4622 medio
708 4571 783 4622 cum
803 4550 938 4622 saluere
956 4549 1042 4622 foro.

216 4761 378 4836 Ordinem
402 4762 511 4851 igitur
531 4771 793 4852 praeceptorum
822 4762 1032 4872 contrarium
1055 4770 1157 4851 atque
1181 4761 1215 4832 in
1249 4763 1333 4831 Arte
1357 4758 1468 4832 Ovidii
