3600 5594
861 475 1067 544 ..38-

333 687 573 777 sputabamus,
608 695 644 758 et
672 706 750 756 mox
778 705 857 756 cum
894 691 1014 755 contra
1050 684 1339 754 Luettiohannem
1376 684 1446 753 crit
1481 683 1597 762 dicen-

333 813 415 883 dum
434 833 554 882 rursus
579 810 781 882 videbimus.
807 809 936 878 Mirum
962 828 1043 878 vero
1067 809 1214 878 alterum
1237 806 1322 877 iilud
1345 814 1597 895 argumentum,

232 1001 235 1004 ,
284 991 286 1000 1
333 937 422 1026 quod
449 942 552 1027 negat
574 933 732 1005 versibus
756 937 823 1004 121
848 937 1007 1004 -126,
1040 932 1227 1021 quidquam
1255 930 1370 1001 afferri
1394 938 1535 1019 praeter
1556 952 1598 1001 ea

335 1081 421 1150 quae
441 1061 469 1148 I,
492 1064 552 1149 22,
580 1061 600 1130 3
628 1097 678 1108 -
708 1059 765 1128 10.
791 1066 931 1126 narrata
955 1056 1036 1125 sint.
1063 1053 1161 1144 Quod
1186 1054 1286 1144 quale
1312 1055 1357 1124 sit
1381 1076 1446 1142 quo
1470 1051 1609 1124 clarius

332 1185 563 1273 perspiciatur
581 1184 694 1272 placet
712 1181 767 1252 hic
787 1187 971 1269 utrumque
990 1180 1103 1248 locum
1121 1197 1335 1268 proponere:

333 1359 363 1450 Ι,
386 1365 447 1450 22,
475 1365 494 1431 3
517 1401 568 1410 —-
592 1362 649 1430 10.
672 1358 709 1428 Si
726 1358 899 1428 Perusina
917 1357 980 1426 tibi
1001 1356 1133 1444 patriae
1154 1363 1233 1424 sunt
1252 1363 1335 1424 nota
1354 1353 1524 1457 sepulcra,

719 1482 841 1552 1111111
862 1481 958 1553 duris
977 1478 1098 1549 funera
1115 1478 1340 1567 temporibus,

670 1605 756 1676 Cum
775 1605 930 1675 Romana
948 1625 1029 1673 suus
1048 1605 1119 1690 egit
1138 1601 1309 1672 discordia
1329 1602 1421 1672 cives

723 1727 787 1819 (Sit
805 1729 888 1798 mihi
907 1729 1092 1817 praecipue
1112 1726 1224 1814 pulvis
1243 1725 1393 1796 Etrusca
1412 1725 1523 1796 dolor:

669 1853 719 1922 Tu
738 1853 895 1942 proiectu
909 1852 976 1921 mei
995 1871 1161 1938 perpessa
1178 1871 1215 1919 es
1230 1849 1384 1919 membra
1398 1849 1595 1938 propinqui,

722 1975 774 2047 Tu
796 1976 888 2046 nullo
908 1974 1027 2045 miseri
1048 1976 1200 2062 contegis
1221 1994 1300 2042 ossa
1319 1973 1415 2061 solo),

668 2101 834 2172 Proxima
853 2099 1033 2188 supposito
1054 2098 1253 2186 contingens
1273 2095 1417 2167 Umbria
1436 2117 1555 2185 campo

722 2224 783 2294 Me
802 2223 922 2312 genuit
940 2223 1044 2292 terris
1063 2219 1188 2292 fertilis
1210 2221 1385 2325 uberibus.

335 2384 398 2472 IV,
416 2390 483 2455 121
501 2425 548 2436 -
565 2389 649 2456 126.
670 2385 816 2455 Umbria
832 2393 867 2454 11
887 2385 978 2455 11111
998 2383 1140 2470 1111111
1159 2381 1349 2452 Penatibus
1369 2381 1451 2450 edit.

724 2507 903 2578 Mentior?
923 2529 965 2577 an
985 2508 1117 2596 patriae
1137 2507 1292 2592 tangitur
1312 2524 1372 2574 ora
1390 2511 1483 2592 tuae,

671 2631 745 2719 Qua
763 2631 930 2701 nebulosa
949 2652 1032 2701 carro
1052 2636 1149 2700 rorat
1166 2629 1327 2699 Mevania
1347 2646 1467 2715 campo

724 2755 772 2824 Et
791 2757 884 2823 lacus
904 2755 1043 2824 aestivis
1061 2756 1195 2840 intepet
1213 2751 1343 2823 Umber
1362 2752 1470 2839 aquis,

672 2875 945 2965 scandentisque
964 2877 1057 2946 Asisi
1077 2876 1257 2964 consurgit
1275 2874 1407 2944 vertice
1428 2894 1558 2962 murus,

724 3001 851 3070 Murus
872 3001 915 3070 ab
934 2999 1073 3089 iugenio
1093 3000 1207 3070 notior
1226 2999 1286 3068 1111
1305 3007 1375 3068 tue.

416 3177 536 3266 Quivis
557 3175 658 3248 facile
679 3178 772 3248 videt
791 3177 968 3266 superiore
992 3177 1142 3247 carmine
1165 3176 1250 3247 nihil
1274 3175 1402 3264 aperiri
1421 3176 1487 3245 nisi
1505 3177 1539 3245 in
1560 3196 1601 3246 ea

337 3309 437 3391 parte
456 3302 623 3372 Umbriae
647 3322 733 3392 quae
757 3302 800 3371 ab
826 3322 910 3388 agro
933 3301 1105 3372 Perusino
1130 3322 1198 3370 uon
1221 3299 1321 3388 longe
1344 3298 1492 3369 distaret
1511 3305 1547 3370 et
1565 3299 1600 3369 in

338 3424 431 3494 edito
451 3424 597 3512 quodam
611 3423 686 3494 loco
705 3431 824 3494 natum
844 3445 917 3496 esse
930 3424 1165 3511 Propertium,
1186 3423 1221 3490 in
1236 3423 1345 3492 altero
1362 3443 1435 3492 eam
1451 3423 1600 3511 patriam

337 3552 409 3633 aut,
430 3547 458 3617 si
480 3546 589 3616 Asisi
612 3566 688 3616 cum
712 3547 865 3616 Luciano
888 3547 1059 3616 Muellero
1083 3546 1138 3617 vel
1161 3567 1237 3616 cum
1255 3545 1487 3635 Hertzbergio
1506 3547 1600 3618 Asis

337 3669 514 3758 scribitur,
536 3668 674 3739 nomine
693 3669 847 3761 proprio,
866 3675 928 3740 aut
946 3677 1059 3740 tamen
1074 3669 1268 3739 Mevauatis
1296 3670 1370 3758 agri
1385 3675 1420 3740 et
1436 3668 1600 3741 Clitumni

337 3794 609 3883 propinquitate,
640 3795 667 3863 si
696 3792 860 3864 Italorum
885 3793 1060 3863 inventum
1081 3794 1190 3864 arcis
1218 3792 1430 3883 praefertur,
1451 3792 1596 3864 definiri.

338 3917 503 3988 Fortasse
522 3916 651 3987 ibidem
684 3916 833 3988 familiae
853 3916 1015 4005 splendor
1040 3915 1264 4006 significatur,
1289 3919 1317 3988 si
1337 3916 1475 4005 quidem
1493 3917 1603 3988 Pena-

341 4047 394 4110 tes
417 4047 516 4110 notos
540 4039 582 4109 de
607 4045 690 4110 rrota
711 4039 841 4111 familia
866 4040 948 4110 licet
976 4041 1148 4130 accipere.
1183 4041 1396 4131 Quamquam
1418 4061 1496 4111 cum
1520 4040 1601 4112 alibi

340 4184 478 4253 quoque
497 4162 647 4234 Penates
666 4164 708 4234 de
733 4166 848 4253 patria
867 4164 1034 4254 dicantur,
1054 4174 1093 4235 ut
1112 4166 1140 4253 I,
1163 4171 1223 4252 22,
1248 4169 1278 4234 1.
1304 4164 1438 4252 (Qualis
1457 4171 1494 4236 et
1510 4163 1601 4236 unde

223 4331 225 4338 ·
340 4309 468 4377 genus,
508 4289 564 4374 qui
603 4287 672 4358 siut
698 4289 798 4377 mihi,
837 4288 952 4377 Tulle,
989 4288 1152 4376 Penates)
1187 4288 1319 4357 Auson.
1366 4286 1599 4360 Praefatiunc.

340 4411 483 4500 Syagrio
506 4415 566 4482 33.
595 4411 821 4500 (Thessaliam
842 4413 1045 4501 Thebasque
1074 4430 1153 4482 suos
1181 4412 1334 4482 habuere
1354 4411 1528 4501 Penates),
1559 4431 1601 4481 ne

341 4536 397 4606 hic
418 4537 556 4622 quidem
576 4537 760 4626 quidquam
781 4537 897 4608 obstat
925 4536 1007 4623 quin
1035 4537 1167 4624 patriae
1190 4532 1313 4606 famam
1334 4535 1483 4606 indicari
1502 4541 1602 4622 pute-

342 4679 429 4729 mus.
449 4659 544 4749 Ergo
564 4681 625 4732 nec
646 4682 733 4750 quae
752 4668 908 4751 pugnent
936 4662 1027 4730 inter
1051 4679 1087 4728 se
1107 4670 1186 4730 sunt
1208 4661 1242 4728 in
1260 4659 1314 4732 his
1333 4659 1430 4747 locis,
1452 4667 1490 4732 ut
1506 4660 1603 4750 prius

345 4789 466 4853 contra
486 4783 676 4856 Caruttium
697 4786 888 4872 docuimus,
908 4805 971 4855 nec
990 4803 1076 4872 quae
1095 4782 1195 4872 plane
1219 4783 1289 4853 siut
1307 4785 1437 4856 eadem.
1457 4785 1505 4853 At
1526 4791 1602 4854 tan-
