3600 5594
758 469 973 539 ..93-

227 674 298 748 Sed
325 673 383 746 hic
408 674 611 766 Propertius
638 695 706 748 non
725 684 895 767 perpetuo
914 699 1075 751 sermone
1095 678 1222 768 utitur,
1252 677 1439 750 sedunum
1458 675 1504 750 de

227 797 417 871 Amoribus
447 799 643 889 loquentem
672 799 818 872 inducit.
862 799 1076 892 Quamquam
1104 801 1160 874 hic
1189 820 1325 890 quoque
1353 821 1416 872 cur
1443 820 1504 874 eae

224 921 336 993 malae
354 942 479 1012 preces
498 923 732 1013 suscipiantur
750 930 788 995 et
804 925 988 1015 postmodo
1006 924 1050 997 ab
1070 924 1192 996 eodem
1209 925 1336 995 Amore
1356 924 1510 1014 explica-¹
1594 1001 1599 1012 ,

225 1050 285 1117 tur
311 1051 348 1117 ct
374 1044 489 1135 paullo
518 1052 598 1117 ante
623 1047 668 1118 ab
687 1048 763 1137 ipso
783 1054 887 1137 poeta
905 1053 1086 1119 narratum
1104 1053 1168 1120 est.
1207 1044 1337 1134 Quodsi
1356 1053 1505 1138 apparet

225 1187 269 1239 ex
294 1168 339 1239 iis
367 1188 456 1259 quae
484 1169 665 1241 attulimus
693 1170 965 1242 detestationum
994 1191 1069 1242 eam
1097 1173 1208 1260 ipsam
1230 1171 1408 1260 propriam
1427 1190 1504 1242 esse

225 1289 360 1382 sedem,
390 1275 477 1363 uta
505 1293 694 1365 sceleribus
715 1277 820 1385 ¹quae
839 1295 917 1385 quis
947 1295 1160 1365 commiserit
1182 1300 1286 1382 atque
1306 1294 1443 1366 amalis
1461 1295 1505 1365 iis
1631 1333 1633 1337 ·

225 1437 315 1506 quac
341 1413 498 1490 effecerit
525 1417 570 1488 ad
598 1439 657 1488 eas
681 1424 898 1490 transeatur:
927 1439 988 1490 cur
1006 1417 1064 1489 hic
1085 1417 1236 1508 Cynthia
1255 1439 1275 1487 a
1293 1419 1424 1489 misera
1442 1438 1505 1490 sua

225 1545 337 1612 morte
361 1546 397 1611 et
420 1541 602 1630 sepultura
620 1542 664 1614 ad
682 1548 847 1614 auctores
865 1542 940 1613 eius
958 1540 1184 1613 detestandos
1201 1560 1270 1612 non
1290 1547 1369 1632 apte
1389 1546 1503 1614 trans·

224 1664 277 1734 ire
304 1664 485 1736 videatur?
505 1703 556 1715 -
576 1664 685 1754 Quam
714 1685 797 1736 vero
818 1684 885 1736 non
906 1665 1002 1736 novit
1024 1663 1298 1736 Luettiohannes
1318 1665 1374 1736 vel
1398 1665 1505 1735 animi
1649 1698 1653 1706 ·

225 1785 367 1858 humani
385 1787 441 1859 vel
460 1788 593 1879 elegiae
613 1795 787 1876 naturam,
807 1789 836 1858 si
855 1794 935 1859 ante
953 1809 1003 1859 vs.
1023 1791 1083 1860 39.
1104 1809 1227 1860 novam
1242 1789 1387 1859 amicam
1401 1805 1504 1859 accu-

138 1891 154 1950 J
225 1911 336 1981 ratius
355 1911 565 2001 descriptam
584 1910 694 1984 fuisse
713 1913 928 2001 suspicatur!
954 1909 1030 1999 Qua
1048 1912 1093 1984 cle
1117 1931 1158 1982 re
1182 1933 1250 2000 quo
1274 1913 1408 1984 rectius
1430 1913 1503 1982 exi-

225 2035 416 2126 stimemus,
431 2023 609 2107 videamus
624 2036 796 2124 quomodo
805 2035 1009 2125 Propertius
1024 2033 1068 2107 de
1086 2035 1142 2123 iis,
1157 2035 1284 2124 quibus
1298 2035 1502 2127 aemulatur,

225 2156 342 2230 dicere
361 2159 484 2231 soleat.

224 2404 288 2495 III,
307 2407 367 2476 20.
384 2404 432 2473 iu.
450 2401 589 2493 Credis,
607 2403 734 2490 inquit,
752 2422 830 2474 eum
850 2403 920 2472 iam
933 2421 1037 2491 posse
1051 2407 1135 2472 tuae
1149 2401 1344 2473 meminisse
1358 2400 1504 2494 figurae,

496 2525 626 2598 Vidisti
645 2547 666 2596 a
683 2526 775 2598 lecto
795 2545 897 2615 quem
918 2525 1002 2595 darc
1020 2525 1097 2595 vela
1115 2524 1201 2595 tuo?

439 2650 560 2721 Durus
580 2650 639 2740 qui
658 2650 756 2720 lucro
774 2649 892 2739 potuit
910 2653 1046 2720 mutare
1065 2648 1227 2737 puellam.

493 2774 639 2845 Tantine
658 2775 713 2844 his
732 2774 887 2844 lacrimis
906 2772 1029 2844 Africa
1048 2778 1123 2844 tota
1142 2771 1231 2844 luit?

226 3020 349 3111 11,24‚
363 3023 479 3093 23.ss.
497 3017 696 3090 Contendat
713 3039 848 3090 mecum
867 3019 1019 3106 ingenio,
1040 3018 1227 3089 contendat
1246 3025 1280 3089 et
1301 3023 1389 3107 arte,

546 3141 722 3231 Imprimis
742 3162 810 3211 una
829 3141 943 3212 discat
960 3161 1079 3213 amare
1098 3140 1210 3210 domo.

495 3265 532 3338 Si
552 3265 690 3335 libitum
709 3264 773 3336 tibi
793 3265 873 3354 erit,
892 3265 1068 3336 Lernaeas
1087 3271 1218 3352 pugnet
1235 3263 1279 3334 ad
1298 3261 1429 3352 hydras

545 3389 594 3460 Et
612 3388 678 3459 tibi
696 3387 739 3460 ab
758 3389 930 3478 Hesperio
949 3387 1041 3459 mala
1059 3387 1209 3458 dracone
1227 3384 1329 3475 ferat,

494 3514 602 3584 Tetra
620 3534 751 3585 venena
769 3512 881 3584 libens
901 3519 937 3584 et
954 3511 1143 3602 naufragus
1162 3510 1280 3583 ebibat
1297 3511 1407 3582 undas

547 3637 597 3707 Et
615 3619 790 3726 nunquam
809 3657 872 3724 pro
893 3643 927 3706 te
948 3635 1096 3725 deneget
1116 3655 1190 3705 esse
1209 3635 1376 3705 miser-

494 3756 588 3846 Quos
606 3761 738 3830 utinam
757 3758 924 3848 iuuabit,
944 3760 1028 3848 vita,
1049 3758 1233 3848 experiare
1251 3756 1450 3828 labores—

547 3882 621 3953 Iam
640 3884 706 3954 tibi
724 3882 768 3955 cle
788 3882 920 3954 timidis
939 3883 1007 3953 istc
1025 3889 1211 3971 protervus
1231 3881 1307 3969 erit,
1328 3918 1380 3932 -

495 4002 562 4092 Qu
579 4027 670 4086 nunc
690 4027 726 4076 se
746 4007 780 4076 in
795 4006 963 4076 tumidum
978 4004 1139 4076 iactando
1154 4004 1435 4075 venithonorem.
1454 4042 1505 4054 —

1497 3503 1521 3540 μ

229 4251 275 4342 Π,
294 4255 355 4342 25,
373 4255 434 4322 21.
452 4269 480 4323 s,
501 4251 552 4322 Tu
573 4271 709 4339 quoquc
730 4251 788 4339 qui
807 4251 909 4338 pleno
928 4248 1041 4320 fastus
1060 4252 1207 4322 assumis
1226 4270 1357 4338 amore,

550 4373 714 4462 Credula,
736 4372 829 4444 nulla
847 4374 906 4444 diu
925 4371 1051 4444 femina
1069 4373 1204 4463 pondus
1222 4373 1327 4445 habet

376 4601 437 4670 29.
459 4621 486 4671 s.
507 4599 558 4671 Tu
577 4607 693 4672 tamen
713 4603 850 4672 interea
868 4601 1027 4689 quamvis
1046 4607 1081 4670 te
1101 4599 1225 4688 diligat
1242 4599 1300 4670 illa

551 4725 591 4794 In
609 4727 716 4798 tacito
736 4726 857 4798 cohibe
876 4723 1004 4830 gaudia
1022 4724 1139 4795 clausa
1157 4725 1247 4796 sinu.
1258 4763 1310 4776 -
