3600 5594
764 407 974 476 ..7-

348 621 405 690 17.
426 617 524 708 Quod
545 617 701 707 quamvis
721 617 770 688 ita
789 616 846 705 sit,
867 616 1037 688 dominam
1056 622 1193 688 mutare
1212 615 1351 690 cavebo.

474 742 562 814 Tum
579 740 686 833 flebit,
700 763 784 819 ,cum
802 742 836 812 in
856 761 910 812 me
927 741 1075 813 senserit
1090 761 1165 812 csse
1178 739 1292 813 fidem.

238 959 276 1028 ln
296 955 406 1046 elegia
427 959 485 1028 13.
508 977 609 1045 quam
628 956 714 1028 levis
735 955 781 1026 sit
799 975 904 1024 causa
927 953 1146 1046 disiungendi
1169 953 1270 1026 facile
1290 955 1444 1026 cernitur
1463 976 1505 1026 ex

239 1080 448 1152 dissensione
469 1081 747 1170 disiungentium.
776 1073 1017 1150 Lachmaunus
1036 1078 1128 1150 enim
1147 1099 1272 1151 novam
1292 1079 1434 1170 elegiam
1453 1080 1504 1149 in·

239 1206 323 1296 cipit
341 1226 362 1276 a
379 1227 429 1278 vs.
455 1209 512 1276 17.

344 1400 624 1491 Quandocunque
643 1401 750 1490 igitur
768 1404 904 1473 nostrus
922 1419 1016 1470 mors
1035 1400 1174 1471 claudet
1193 1400 1332 1490 ocellos,

397 1525 523 1616 Accipe
543 1545 629 1615 quae
649 1544 767 1595 serves
787 1521 919 1594 funeris
938 1529 1018 1596 acta
1035 1525 1102 1596 mei
1122 1563 1171 1576 -

240 1760 342 1829 quam
364 1719 472 1829 usque
496 1737 539 1810 ad
563 1737 693 1808 exitum
716 1735 888 1828 perducit,
912 1744 1072 1809 neutrum
1094 1742 1209 1809 autem
1240 1758 1301 1834 cur
1323 1733 1429 1808 faciat
1451 1757 1506 1808 ac-

239 1864 393 1935 curatius
412 1864 565 1953 exponit:
586 1861 835 1950 Hertzbergius
854 1861 1011 1966 (Quaest.
1023 1863 1128 1953 Prop.
1140 1883 1174 1954 p.
1198 1861 1272 1953 99.)
1292 1883 1312 1932 a
1330 1859 1508 1951 prioribus

241 1988 389 2078 seiungit
407 2010 474 2060 vsa.
495 1993 556 2059 43.
578 2009 635 2079 ss,
657 1986 749 2078 quod
768 1987 826 2078 qui
845 1987 944 2060 modo
963 2009 1026 2058 sua
1044 1987 1239 2060 conditione
1259 1987 1347 2057 adeo
1366 1991 1508 2057 conten-

239 2119 296 2184 tus
318 2113 435 2203 fuerit,
464 2118 503 2183 ut
526 2113 580 2183 vel
607 2117 687 2203 post
715 2112 847 2183 cineres
875 2113 941 2183 alia
968 2113 1022 2183 uti
1049 2134 1087 2184 se
1114 2112 1203 2184 velle
1233 2118 1388 2202 negaret,
1417 2110 1509 2182 idem

240 2243 390 2327 nequeat
423 2237 583 2308 continuo
616 2236 721 2307 vitam
759 2257 856 2306 suam
889 2237 1061 2341 exsecrari
1099 2256 1235 2327 quaque
1273 2236 1362 2308 hora
1396 2235 1509 2306 lucem

240 2362 414 2456 aspexerit
429 2383 503 2432 eam
519 2359 681 2432 flebiliter
697 2360 873 2432 detestari.
887 2359 967 2451 Sed,
984 2367 1024 2432 ut
1042 2362 1086 2432 ad
1105 2382 1179 2432 rem
1194 2361 1304 2451 ipsam
1319 2359 1507 2449 veniamuS,

241 2489 362 2579 quibus
381 2487 620 2558 Lachmannus
639 2483 799 2557 versibus
819 2506 945 2558 novum
969 2507 1107 2557 carmen
1132 2484 1281 2575 orditur,
1308 2484 1350 2556 iis
1374 2490 1510 2556 antece·

241 2614 326 2684 dont
344 2613 368 2682 ii
392 2611 518 2702 quibus
538 2609 631 2698 vulgi
655 2609 825 2699 opinionis
849 2611 1057 2701 contemptio
1086 2608 1285 2682 declaratur
1317 2610 1509 2699 ceterisque

241 2737 398 2809 omnibus
416 2736 545 2807 amicae
565 2755 660 2806 amor
679 2731 890 2806 antefertur:

350 2934 409 3008 13.
428 2931 522 3003 Haec
543 2930 602 3001 ubi
621 2929 839 3020 contigerint,
859 2929 977 3019 populi
996 2927 1138 3000 confusa
1156 2929 1269 3000 valeto

477 3054 624 3126 Fabula:
644 3074 723 3126 nam
742 3054 880 3126 domina
898 3055 1012 3126 iudice
1030 3059 1127 3126 tutus
1146 3074 1218 3125 cro.

426 3179 520 3269 Quae
540 3179 568 3248 si
587 3176 675 3248 forte
693 3178 800 3250 bonas
819 3178 863 3250 ad
881 3198 1000 3269 pacem
1020 3178 1166 3250 verterit
1183 3197 1298 3268 auree,

478 3303 624 3374 Possum
641 3301 840 3374 inimicitias
859 3307 942 3373 tunc
961 3321 1024 3390 ego
1043 3297 1135 3372 ferre
1153 3300 1176 3372 J
1179 3301 1263 3372 ovis.

243 3519 333 3591 Hinc
353 3523 466 3589 autem
484 3537 585 3607 quam
604 3520 684 3605 apte
703 3518 899 3586 transeatur
927 3513 970 3585 ad
994 3512 1097 3584 funus
1120 3513 1249 3585 amicae
1268 3514 1509 3607 mandandum,

245 3641 400 3715 Tibullus
419 3646 472 3713 ast
489 3641 629 3730 indicio,
650 3639 748 3711 cuius
766 3639 802 3709 in
821 3639 850 3729 I,
874 3643 890 3709 1
914 3659 935 3710 a
952 3660 1002 3710 vs.
1025 3641 1085 3710 57.
1097 3640 1182 3710 hacc
1201 3644 1296 3710 sunt:

350 3838 425 3910 Non
446 3857 509 3926 ego
527 3834 662 3908 laudari
682 3855 779 3906 curo:
800 3855 876 3906 mea
894 3834 1005 3924 Delia,
1025 3838 1142 3906 tecum

368 3938 370 3947 ¹
430 3963 521 4034 Dum
537 3960 637 4033 modo
657 3960 733 4050 sim,
753 3978 879 4049 quaeso
898 3959 1013 4048 segnis
1032 3958 1195 4049 inersque
1213 3979 1328 4031 vocer.

352 4088 401 4160 Te
420 4092 583 4176 spectem,
604 4104 763 4174 suprema
780 4084 865 4155 mihi
884 4104 962 4156 cum
980 4083 1117 4156 venerit
1134 4084 1232 4174 hora,

431 4211 481 4284 Te
499 4217 635 4284 teneam
653 4209 802 4279 moriens
822 4207 1002 4280 deficiente
1021 4229 1136 4280 manu.

248 4409 297 4480 At
314 4406 562 4496 Hertzbergius
581 4405 639 4475 vix
656 4366 828 4476 haesisset
846 4401 880 4473 in
895 4402 950 4474 his
968 4400 1143 4475 versibus:

356 4606 418 4673 43.
440 4604 554 4693 Atque
573 4600 704 4672 utinam
722 4600 839 4691 primis
857 4597 1005 4670 animam
1023 4619 1077 4669 me
1095 4616 1224 4688 ponere
1242 4599 1339 4672 cunis

485 4727 647 4800 Iussisset
665 4725 807 4815 quaevis
826 4726 870 4796 de
888 4723 1000 4794 tribus
1020 4741 1088 4792 una
1106 4725 1219 4794 soror!
