3600 5594
671 435 1006 514 ·-er--·

228 651 479 742 indulgentiam
513 658 677 724 revocata
708 653 870 724 oratione
897 652 1136 742 proferantur:
1171 673 1279 743 supra
1312 673 1399 743 quae
1431 653 1505 726 vult

227 775 321 866 fieri,
352 797 393 848 ea
421 782 458 847 et
475 777 655 848 iracundia
673 781 833 847 movetur
851 782 892 847 ut
910 777 994 848 velit
1013 796 1076 848 nea
1093 782 1164 847 tam
1183 778 1325 848 mandat
1344 777 1503 865 cuiquam

230 919 332 990 quam
351 905 460 988 optat,
480 919 558 971 enm
576 919 642 969 non
661 898 849 988 Propertio
870 905 909 969 ut
928 897 1145 988 Lygdamum
1164 906 1200 970 et
1218 899 1411 971 Nomadem
1428 905 1505 971 tor-

228 1028 334 1112 queat
351 1023 560 1110 committat,
590 1021 652 1092 sed
671 1041 730 1092 eos
750 1021 955 1094 detestetur.
996 1023 1182 1093 Tormenta
1209 1027 1324 1099 autern
1349 1023 1384 1092 in
1407 1022 1504 1094 dete·

229 1144 350 1217 stando
375 1145 578 1233 saepissime
598 1143 762 1234 appellari
782 1166 883 1216 nemo
903 1145 1015 1217 nescit
1033 1145 1091 1233 qui
1110 1144 1273 1215 Plautum
1290 1144 1393 1235 legit,
1414 1146 1506 1234 apnd

230 1289 330 1360 quem
351 1269 392 1340 de
412 1269 521 1339 servis
540 1267 625 1338 illud
649 1268 714 1338 abi
738 1269 778 1338 in
802 1268 942 1340 malam
966 1288 1126 1339 crucem
1149 1266 1427 1356 frequentissime
1451 1268 1505 1339 di·

230 1393 333 1464 citnr.
373 1390 470 1480 Quae
498 1391 685 1463 detestatio
715 1398 754 1462 ut
781 1413 802 1463 a
829 1393 1002 1464 mandatis
1030 1391 1097 1462 illis
1125 1389 1236 1462 aliena
1254 1399 1308 1464 est
1325 1391 1376 1462 ita
1394 1391 1427 1462 ei
1446 1392 1506 1462 uhi

229 1518 346 1606 posita
364 1524 420 1587 est
437 1517 511 1589 loco
531 1517 680 1587 maxime
700 1517 871 1587 convenit.
906 1514 998 1604 Quid
1017 1516 1106 1586 enim
1126 1515 1235 1604 magis
1255 1522 1309 1587 est
1327 1521 1505 1586 consenta-

229 1660 332 1711 neum
343 1661 446 1729 quam
457 1641 486 1710 si
498 1641 576 1728 quis
586 1640 691 1712 alium
700 1640 895 1712 detestetur
904 1640 954 1711 ihi
964 1640 1182 1728 potissimum
1192 1639 1361 1710 detestari
1371 1637 1507 1709 uhiaul·

230 1782 273 1851 pa
288 1762 364 1833 eius
377 1763 493 1852 aliqua
506 1768 696 1833 memorata
709 1763 843 1834 recenti
857 1763 1024 1834 memoria
1043 1763 1086 1834 ad
1105 1762 1350 1834 detestandum
1369 1781 1505 1851 permo-

230 1887 374 1957 veatur?
394 1885 492 1975 Quod
512 1887 578 1957 etsi
595 1887 708 1975 ipsum
727 1905 790 1974 per
810 1907 847 1956 se
862 1887 946 1957 satis
962 1891 1016 1956 est
1031 1887 1266 1975 perspicuum,
1286 1883 1508 1957 confirmatur

230 2008 324 2079 idem
341 2030 449 2099 paene
469 2008 629 2080 omnihus
649 2009 735 2080 locis
755 2009 881 2098 quibus
905 2010 1113 2098 Propertius
1130 2047 1176 2061 -
1195 2009 1290 2079 utin
1308 2008 1374 2079 hoe
1394 2011 1507 2081 consi·

231 2137 364 2204 stamus
383 2132 623 2203 -similibus
642 2132 946 2221 precibus‘utitur.
987 2129 1044 2203 Sia
1065 2132 1156 2202 enim
1174 2131 1236 2220 IV,
1259 2134 1294 2221 3,
1318 2133 1381 2226 19:

336 2298 494 2429 Oenidat,
514 2342 639 2431 inquit,
661 2343 836 2413 immerita
855 2342 914 2430 qui
934 2343 1066 2430 carpsit
1085 2342 1129 2413 ab
1150 2341 1275 2412 arbore
1295 2341 1437 2412 vallum!
1455 2381 1507 2393 —

231 2576 412 2662 postquam
443 2569 631 2660 descripsit
652 2572 687 2641 in
712 2570 838 2661 quibus
859 2573 1065 2661 quantisque
1084 2571 1185 2642 malis
1204 2571 1381 2642 Arethusa
1399 2569 1506 2643 hello·

234 2715 311 2766 rum
331 2715 437 2767 eausa
456 2702 672 2782 versaretur3
695 2696 743 2766 sio
762 2695 809 2785 II,
833 2697 894 2781 33,
917 2699 951 2766 3.

339 2906 454 2994 Atque
475 2907 606 2977 utinam
625 2913 746 2995 pereat
764 2906 845 2976 Nilo
866 2926 955 2995 quae
975 2925 1076 2976 sacra
1094 2910 1234 2995 tepente

391 3028 554 3100 Misit-

233 3238 293 3310 uhi
312 3237 497 3329 Cynthium
515 3237 619 3309 Isidis
649 3258 755 3309 eausa
773 3238 841 3308 iam
860 3238 978 3310 decem
997 3244 1116 3308 noctes
1141 3259 1161 3308 a
1186 3257 1222 3307 se
1246 3235 1400 3309 abfuisse
1425 3257 1509 3325 que·

237 3370 312 3433 stus
332 3369 401 3448 est;
422 3363 472 3432 sio
491 3361 538 3452 II,
563 3364 622 3451 18,
645 3364 710 3431 27:

340 3572 397 3643 Illi
416 3572 480 3642 sub
501 3573 608 3643 terris
628 3571 712 3643 fiant
730 3569 822 3642 mala
840 3572 947 3641 multa
966 3572 1099 3660 puellae

394 3692 490 3782 Quae
509 3696 656 3766 mentita
674 3717 754 3766 suas
774 3695 881 3766 vertit
900 3695 1017 3784 inepta
1036 3714 1151 3764 eomas
1164 3732 1214 3744 -

236 3927 313 3977 eum
333 3905 476 3978 eandem
499 3904 681 3995 cynthiam
708 3907 799 3996 quod
823 3927 904 3977 suos
923 3907 1036 3976 mines
1055 3903 1201 3995 tingeret
1221 3904 1432 3994 obiurgavit3
1462 3905 1513 3975 sio

236 4030 283 4120 ΙΙ,
306 4031 341 4119 9,
362 4033 411 4100 47
417 4032 455 4100 5:

344 4240 463 4329 Atque
481 4240 627 4326 utinam,
647 4238 676 4308 si
695 4236 787 4309 forte
806 4238 882 4327 pios
903 4237 1084 4309 eduximus
1103 4259 1224 4329 annos,

397 4361 461 4434 Ille
480 4363 534 4433 vir
552 4363 587 4432 in
607 4361 720 4433 medio
740 4361 802 4432 tiat
820 4380 937 4431 amore
955 4361 1059 4451 lapis!
1073 4400 1123 4412 -

241 4580 423 4664 postquam
443 4594 547 4644 versu
566 4577 630 4644 46.
669 4572 853 4664 Cynthiae,
879 4573 1060 4662 nonlicet,
1089 4571 1202 4662 inquit
1221 4590 1298 4642 esse
1317 4576 1425 4660 tuum,
1447 4570 1514 4641 sei-

239 4696 319 4768 lioet
337 4701 482 4786 propter
497 4697 668 4768 aemulum
685 4698 873 4787 potiorem3
894 4697 946 4768 sie
964 4696 1051 4786 I‚7.,
1070 4700 1258 4786 postquam
1276 4702 1356 4769 ante
1371 4698 1515 4768 mortem
