3600 5594
853 553 1062 619 -100—

325 767 470 839 alteram
494 786 568 835 rem
593 784 679 854 quae
703 765 737 833 in
759 761 849 833 idem
872 761 1005 833 incidat
1027 769 1162 850 tempus
1190 759 1322 831 afferat.
1360 761 1591 850 Quemadmo-

326 891 404 962 dum
424 891 458 960 in
478 890 631 960 eiusdem
651 887 779 976 elegiae
797 887 897 957 initio
917 886 1045 957 dictum
1066 892 1135 955 est:
1231 947 1235 960 .

483 1103 587 1174 Disce
608 1100 689 1191 quid
708 1099 885 1189 Esquilias
904 1100 970 1169 hac
989 1104 1091 1168 nocte
1110 1095 1243 1185 fugarit
1260 1115 1421 1184 aquosas,

537 1225 621 1296 Cum
642 1226 755 1295 vicina
773 1225 869 1294 novis
890 1223 994 1294 turba
1014 1221 1174 1292 cucurrit
1190 1220 1285 1310 agris
1305 1242 1369 1305 -;

325 1461 403 1510 nam
423 1460 464 1509 eo
483 1441 559 1529 ipso
578 1445 734 1526 tempore
753 1437 814 1527 qui
833 1439 867 1504 in
887 1435 1068 1525 Esquilino
1084 1434 1171 1504 colle
1185 1433 1388 1504 habitabant
1400 1433 1591 1504 accurrisse

327 1565 499 1650 dicuntur,
520 1583 587 1651 quo
606 1570 774 1632 nocturna
792 1561 870 1630 rixa
889 1560 1108 1647 incendiique
1128 1562 1222 1627 metu
1241 1558 1312 1627 suis
1333 1558 1478 1647 quisque
1494 1577 1512 1626 e
1531 1577 1591 1627 cu·

325 1687 451 1765 biculis
470 1685 578 1776 fugati
598 1687 677 1756 sint.
705 1685 872 1754 Similiter
891 1684 946 1753 hic
967 1682 1047 1753 dum
1063 1680 1211 1772 Cynthia
1228 1679 1405 1769 magnifico
1424 1687 1592 1770 apparatu

325 1811 573 1900 triumphantis
592 1811 702 1880 instar
719 1829 782 1897 per
802 1809 893 1878 viam
910 1807 1056 1895 Appiam
1071 1805 1209 1876 vehitur
1228 1806 1264 1874 in
1283 1805 1433 1876 obscura
1448 1806 1593 1877 taberna

326 1936 481 2005 eiusdem
501 1935 631 2004 scilicet
650 1934 726 2003 viae
744 1935 821 2002 rixa
841 1940 876 2002 et
896 1931 1025 2000 clamor
1044 1935 1137 1999 mota
1156 1926 1330 2016 dicuntur,
1353 1936 1392 1999 ut
1410 1931 1479 2000 iam
1497 1936 1592 2001 vete·
1647 1913 1650 1920 ’

325 2079 383 2129 res
413 2058 644 2146 explicatores
668 2077 741 2127 rem
764 2057 1046 2144 explanaverunt.
1077 2051 1195 2140 Qualis
1219 2035 1364 2124 taberna
1386 2054 1457 2141 illa,
1483 2055 1593 2143 qualis

328 2202 541 2272 quorumque
559 2181 734 2251 hominum
753 2181 830 2250 rixa
848 2179 954 2248 fuerit
972 2178 1028 2248 hic
1048 2178 1184 2266 quidem
1204 2199 1271 2248 non
1286 2179 1425 2266 dicitur,
1447 2179 1507 2247 sed
1526 2199 1594 2248 non

329 2307 494 2378 dissimile
522 2308 596 2377 veri
620 2311 675 2376 est
701 2305 752 2374 illi
776 2304 921 2374 similem
945 2323 1133 2392 cauponam
1164 2303 1249 2389 dici,
1277 2305 1313 2372 in
1342 2323 1410 2392 qua
1436 2301 1593 2372 Catullus

327 2432 477 2502 carmine
495 2434 555 2501 37.
572 2434 742 2501 memorat
760 2429 975 2499 continenter
995 2428 1121 2498 multos
1141 2429 1270 2498 otiosos
1289 2427 1444 2498 homines
1462 2427 1594 2498 sedisse

328 2555 572 2643 amatoriisque
590 2554 694 2624 rebus
718 2558 753 2623 et
776 2551 992 2622 sermonibus
1017 2551 1106 2621 diem
1130 2552 1352 2637 contrivisse3
1381 2553 1456 2622 rixa
1479 2558 1593 2622 autem

327 2678 403 2766 ipsa
424 2677 593 2766 Cynthiae
612 2659 909 2765 praetervectione
932 2681 1026 2746 mota
1050 2696 1125 2746 esse
1149 2676 1300 2764 ridetur,
1325 2675 1397 2745 sive
1421 2676 1593 2746 aemulan-

329 2807 382 2871 tes
401 2801 467 2870 sibi
486 2820 653 2891 quemque
672 2801 746 2869 eius
766 2800 947 2870 amicitiam
966 2799 1170 2887 vindicasse,
1198 2800 1270 2869 sive
1294 2806 1334 2870 ut
1357 2800 1484 2871 assolet
1502 2801 1594 2872 inter

328 2923 498 2994 eiusmodi
518 2924 672 2994 homines
693 2944 770 2994 cum
788 2901 912 2993 nobids
931 2924 1099 3013 multique
1119 2924 1269 2993 rumoris
1288 2921 1413 2994 femina
1432 2944 1489 2994 eos
1514 2945 1593 2995 con·

318 3048 435 3118 ,vertit
450 3048 491 3118 de
506 3048 581 3118 eius
596 3047 839 3136 Propertiique
855 3047 1029 3118 amoribus
1043 3048 1223 3118 verissima
1239 3055 1275 3119 ct
1288 3049 1476 3118 novissima
1490 3069 1593 3139 quae·
1620 3063 1623 3068 ’

328 3193 395 3262 que
413 3171 571 3261 proferre
590 3173 747 3242 certatim
769 3169 944 3242 studuisse
969 3172 1155 3242 existimes
1185 3163 1392 3243 Huiusmodi
1417 3193 1594 3244 sermones

234 3326 238 3342 ·
327 3302 497 3367 memorat
514 3296 716 3384 Propertius
736 3295 839 3365 etiam
859 3295 923 3384 III,
946 3301 1007 3383 25,
1027 3303 1114 3368 extr.

488 3508 593 3578 Risus
614 3528 709 3578 eram
728 3508 850 3597 positis
870 3507 961 3576 inter
981 3507 1135 3575 convivia
1155 3507 1281 3574 mensis

541 3631 588 3702 Et
607 3613 655 3702 de*
667 3653 722 3702 me
740 3637 881 3722 poterat
900 3630 1044 3721 quilibet
1062 3649 1138 3698 esse
1157 3629 1293 3718 loquax.

409 3845 449 3914 In
468 3811 569 3915 nona
589 3845 698 3933 elegia
717 3844 989 3916 Luettiohannes
1008 3843 1099 3912 inter
1119 3863 1168 3912 vs.
1192 3847 1252 3916 32.

541 4057 588 4126 Et
605 4057 690 4127 iacit
709 4063 789 4127 aute
808 4055 900 4127 fores
920 4055 1027 4126 verbu
1045 4057 1178 4126 minora
1197 4055 1259 4127 deo
1280 4096 1328 4106 -

401 4272 437 4338 et
457 4271 517 4338 33.
537 4265 610 4338 Vos
629 4289 754 4357 precor
772 4290 792 4339 o
810 4270 878 4339 luci
898 4289 995 4339 sacro
1015 4288 1101 4356 quae
1121 4269 1239 4338 luditis
1258 4274 1357 4338 antro
1375 4308 1426 4320 ·-

331 4481 520 4572 interponit
539 4501 607 4552 vss.
631 4485 691 4552 65.
712 4501 739 4552 s,

490 4694 647 4783 Angulus
666 4693 722 4764 bic
741 4695 858 4764 mundi
877 4715 965 4766 nunc
984 4715 1037 4763 me
1056 4715 1133 4764 mea
1151 4693 1221 4766 lata
1240 4696 1431 4767 trahentem

545 4817 698 4907 Accipit:
719 4819 804 4889 haec
824 4817 914 4888 fesso
934 4819 998 4888 vix
1019 4818 1101 4889 mihi
1119 4823 1216 4890 terra
1235 4825 1340 4908 patet.
