3600 5594
848 473 1142 562 -ea-'

271 690 274 696 ’
311 706 401 778 mari
428 711 465 776 et
492 708 701 794 tempestate
728 703 794 777 sibi
821 702 1009 776 instantem
1036 699 1247 790 deploravit,
1276 719 1381 772 versu
1414 701 1473 770 13.
1504 699 1588 770 irasc

311 827 425 900 addit:

419 1038 475 1109 Ah
494 1042 615 1130 pereat
634 1038 830 1130 quicunque
850 1044 944 1110 rates
964 1043 999 1108 et
1018 1036 1094 1108 vela
1112 1035 1264 1126 paravit!
1277 1073 1329 1087 —

311 1246 361 1318 sic
380 1248 409 1336 Ι,
433 1249 492 1319 11.
514 1253 697 1336 postquam
726 1252 761 1318 et
789 1252 871 1318 ante
896 1251 1063 1338 qnantum
1082 1252 1255 1318 metueret
1274 1267 1295 1318 a
1313 1245 1409 1316 Baiis
1426 1246 1588 1337 exposuit

310 1374 347 1441 01
364 1370 520 1459 proximo
539 1391 662 1441 rnrsus
682 1371 741 1458 qni
760 1370 937 1442 antecedit
955 1391 1056 1441 versu
1076 1371 1194 1441 multis
1213 1369 1273 1442 illa
1292 1369 1377 1441 dare
1395 1371 1501 1441 litora
1516 1368 1586 1440 dis-

310 1492 441 1565 cidium
459 1491 656 1583 affirmavit,
676 1500 832 1583 postemo
850 1493 915 1565 hac
934 1495 1164 1566 detestatione
1184 1515 1233 1565 vs.
1258 1495 1318 1564 30.
1338 1495 1466 1566 utitur:

417 1706 474 1776 Ah
493 1714 637 1795 pereant
655 1706 760 1777 Baiae
780 1707 910 1777 crimen
930 1707 1058 1777 amoris
1076 1709 1201 1796 aquae!
1302 1745 1304 1750 .

310 1916 384 1988 Nee
412 1916 559 1987 multum
588 1915 720 2006 differt,
751 1919 780 1987 si
807 1939 926 1989 verum
956 1917 1171 2006 quaerimus,
1202 1917 1293 2007 quod
1316 1915 1444 1988 dicitur
1464 1917 1528 2006 ΠΙ,
1550 1920 1586 2007 8,

313 2041 373 2111 37.
396 2060 423 2111 s.

415 2252 465 2321 At
483 2251 559 2342 tibi,
581 2250 641 2337 qui
660 2256 780 2322 nostro
800 2251 926 2322 nexisti
946 2251 1035 2322 retia
1053 2251 1154 2338 lecto,

471 2374 526 2445 Sit
544 2394 641 2447 socer
659 2379 838 2446 aeternnm
858 2394 921 2446 000
942 2375 1015 2446 sine
1035 2379 1146 2445 matre
1166 2374 1303 2445 domus!
1318 2411 1369 2426 -

310 2583 369 2673 qni
396 2603 521 2654 versus
544 2585 587 2655 ab
608 2585 798 2655 amatoriae
822 2584 1064 2655 aemulationis
1088 2583 1415 2655 commemoratione
1440 2603 1508 2655 uno
1533 2584 1585 2655 dp.

310 2707 423 2777 sticho
443 2709 687 2796 coiungantur:

418 2915 538 2989 Gaude
558 2917 651 3005 quod
668 2917 761 2989 nulla
780 2924 835 2988 001
853 2938 964 3005 aeque
984 2916 1152 2989 formosa:
1175 2916 1322 3004 01010000,

471 3037 504 3110 Si
524 3060 591 3127 qua
609 3039 715 3111 forat:
737 3061 827 3111 nnnc
846 3041 894 3111 sis
914 3040 990 3111 inre
1010 3041 1158 3129 superba
1175 3041 1317 3111 licet-

309 3269 377 3338 quo
405 3248 495 3320 mala
522 3252 597 3322 eius
624 3246 810 3322 rivalitatis
839 3258 1012 3340 augentur
1036 3260 1071 3322 et
1090 3251 1355 3342 amplificantur.
1397 3251 1445 3322 At
1463 3251 1525 3342 IV,
1549 3256 1584 3345 5,

311 3373 376 3442 75:
398 3373 491 3461 quod
510 3374 655 3446 dicitur:

417 3600 471 3673 Sit
488 3602 641 3672 tumulus
659 3603 758 3672 lenae
778 3607 877 3673 curto
895 3607 996 3672 00100
1014 3601 1179 3690 amphora
1198 3601 1346 3672 collo-
1359 3607 1440 3675 0011.

309 3813 375 3884 0101
394 3812 514 3884 decem
533 3834 657 3885 versus
676 3813 897 3885 intercedunt
915 3815 1007 3884 inter
1024 3813 1088 3884 has
1107 3833 1229 3902 preces
1248 3819 1283 3885 et
1303 3813 1416 3885 scelus
1435 3814 1533 3886 lenae
1545 3815 1582 3884 in

309 3957 376 4028 quo
395 3941 508 4007 totum
527 3935 600 4006 fere
619 3956 756 4008 carmen
777 3936 991 4006 consumitur
1005 3942 1197 4028 narratum,
1216 3938 1259 4008 iis
1273 3937 1358 4027 ipsis
1373 3944 1489 4008 tamen
1504 3957 1582 4009 ver·

308 4060 405 4131 sibus
423 4059 508 4129 illud
527 4064 690 4128 narratur
710 4059 877 4148 evenisse,
907 4061 998 4148 qnod
1018 4061 1086 4130 nisi
1106 4063 1279 4132 evenisset
1299 4061 1488 4150 optandum
1507 4065 1584 4131 erat

306 4187 347 4253 ut
366 4182 532 4270 eveniret,
551 4186 700 4251 mortem
719 4181 796 4252 dico
815 4183 1062 4274 miserrimam,
1093 4206 1163 4274 qna
1182 4184 1217 4254 di
1237 4185 1273 4253 in
1292 4185 1370 4272 ipso
1390 4183 1521 4254 scelere
1540 4183 1581 4252 il·

225 4384 227 4394 ·
305 4304 374 4376 lam
401 4304 617 4394 puniverint,
647 4309 686 4375 ut
713 4310 855 4376 eventus
884 4307 1052 4395 optationi
1082 4297 1427 4397 quasi'praeanrrat.
1467 4305 1584 4378 Semel

224 4437 230 4450 “
305 4428 415 4518 igitur
441 4428 533 4518 apud
560 4428 783 4518 Propertium
812 4430 997 4502 detestatio
1028 4451 1095 4500 non
1124 4430 1254 4518 excipit
1276 4431 1387 4519 ipsam
1411 4430 1583 4500 malorum

305 4552 360 4623 001
378 4552 548 4624 scelerum
567 4553 657 4624 unde
677 4551 911 4642 proficiscitur
930 4553 1303 4643 commemorationem,
1322 4554 1369 4645 II,
1392 4556 1453 4644 29,
1480 4558 1539 4625 12.

411 4745 567 4818 Intereat
585 4746 645 4837 qni
665 4765 726 4818 nos
746 4767 815 4819 non
834 4751 934 4835 putet
952 4764 1026 4818 esse
1046 4745 1142 4816 deos!
1155 4785 1207 4798 -
