3600 5594
865 472 1075 541 -90-.

333 680 456 752 haeret
482 681 527 752 ad
553 681 665 768 ipsam
693 687 808 752 tamen
838 681 1087 769 oppositionem
1117 699 1185 750 non
1213 680 1380 769 pertinet;
1415 687 1608 754 extremum

334 805 426 875 enim
453 803 693 874 hexametrum
722 825 800 874 cum
819 803 1052 891 Hertzbergio
1083 803 1131 874 sio
1159 804 1366 894 accipimuS,
1395 811 1436 876 ut
1455 803 1608 895 Cynthia

335 927 417 998 deos
439 928 663 998 iurisiurandi
687 948 763 998 esse
787 927 941 998 vindices
964 925 1052 997 falso
1075 932 1200 1014 putare
1225 927 1366 1015 ipsaque
1390 949 1427 998 se
1446 929 1607 1031 inanibus

333 1052 499 1121 amatoris
518 1051 799 1122 excusationibus
819 1049 937 1120 fallere
957 1050 1104 1120 dicatur.
1143 1049 1232 1120 Item
1253 1050 1298 1137 II,
1326 1054 1361 1138 9,
1387 1053 1444 1121 10,
1468 1072 1544 1122 cum
1562 1053 1606 1121 il-

334 1173 395 1244 lud
414 1173 556 1244 dicitur:

440 1386 489 1456 At
508 1391 547 1455 tu
566 1404 633 1453 non
653 1404 720 1453 una
738 1384 884 1471 potuisti
904 1389 1003 1454 nocte
1023 1404 1147 1453 vacare
1170 1423 1215 1434 —

335 1594 487 1686 Cynthia
505 1595 691 1684 opponitur
709 1594 876 1682 Briseidi,
907 1594 968 1664 sed
992 1616 1032 1665 ea
1051 1600 1242 1666 memorata
1259 1596 1357 1682 prius
1377 1615 1477 1683 quam
1499 1615 1607 1685 oppo-

335 1721 415 1791 sitio
435 1718 584 1790 infertur
602 1719 666 1789 hoc
688 1718 861 1789 distichon
880 1719 1126 1808 interpositum
1147 1727 1215 1789 est:

441 1913 539 1983 Tunc
557 1913 667 2001 igitur
686 1912 780 1983 veris
799 1911 973 1999 gaudebat
992 1911 1139 1984 Graecia
1157 1912 1261 1999 natis,

493 2036 591 2105 Tunc
611 2036 715 2106 etiam
734 2034 818 2105 felix
835 2036 928 2107 inter
947 2041 983 2104 et
1000 2055 1097 2105 arma
1115 2035 1238 2123 pudor.
1251 2075 1301 2085 -

334 2247 421 2318 Item
440 2246 505 2336 IV,
529 2249 563 2336 3,
587 2249 646 2314 29.
677 2246 856 2316 Arethusa
880 2266 977 2316 suam
1003 2247 1109 2316 vitam
1132 2247 1222 2318 vitae
1243 2245 1395 2334 Lycotae
1415 2246 1464 2316 ita
1484 2265 1527 2318 ex
1547 2244 1608 2315 ad-

334 2390 435 2441 verso
456 2371 567 2458 ponit:
782 2373 784 2378 ’

440 2493 489 2564 At
507 2493 591 2563 mihi
615 2513 692 2564 cum
712 2499 833 2563 noctes
853 2494 990 2582 induxit
1008 2492 1143 2581 Vesper
1163 2513 1298 2562 amaras
1320 2533 1367 2544 -

335 2708 374 2772 ut
393 2704 490 2790 prius
511 2703 648 2792 aperiat
668 2703 759 2772 unde
778 2704 847 2772 viri
865 2704 1009 2772 maciem
1030 2707 1140 2772 ortam
1161 2702 1254 2772 velit.
1294 2703 1342 2771 At
1360 2701 1425 2789 111,
1451 2704 1509 2791 15,
1532 2705 1607 2792 42„

335 2825 394 2894 ubi
414 2846 500 2914 quae
519 2847 539 2894 a
557 2823 709 2914 Cynthia
723 2825 881 2912 poscitur
897 2825 1080 2894 clementia
1090 2823 1213 2894 Dirces
1229 2825 1394 2894 saevitiae
1409 2825 1610 2914 opponitur,

334 2948 428 3017 inter
442 2947 543 3016 huius
560 2946 827 3036 descriptionem
842 2947 1008 3036 illamque
1023 2947 1291 3035 postulationem
1305 2946 1425 3017 multis
1441 2949 1546 3018 etiam
1557 2949 1609 3018 di·

335 3070 458 3140 stichis
478 3090 562 3158 quas
578 3070 638 3140 illa
653 3069 791 3140 dederit
804 3091 931 3159 poenas
952 3071 1148 3159 exponitur.
1175 3111 1220 3122 —
1243 3071 1340 3141 Nihil
1354 3071 1464 3158 igitur
1480 3077 1533 3141 est
1548 3092 1611 3142 cur

334 3193 370 3262 in
399 3199 438 3262 at
467 3194 715 3283 oppositionem
738 3194 989 3264 desideremus.
1030 3195 1099 3264 Sed
1118 3215 1185 3264 non
1207 3195 1317 3263 minus
1337 3200 1432 3264 errat
1449 3195 1611 3265 Luettio-

334 3315 467 3386 hannes
487 3337 563 3387 cum
582 3337 651 3387 uss.
671 3320 838 3388 35-38.
861 3318 939 3388 ideo
957 3319 1035 3388 loco
1056 3324 1182 3403 movet,
1204 3315 1294 3403 quod
1311 3337 1398 3406 quae
1412 3318 1613 3389 contineant

335 3439 498 3510 mandata
516 3460 594 3508 cum
614 3441 741 3509 ceteris
759 3441 931 3510 mandatis
952 3438 1192 3528 coniungenda
1210 3441 1290 3510 sint.
1321 3438 1410 3526 Quid
1429 3439 1542 3510 enim?
1560 3442 1611 3510 in·

335 3559 390 3632 fra
419 3583 506 3650 quae
534 3561 610 3631 vult
636 3561 715 3631 fieri
746 3582 787 3632 ea
807 3560 960 3652 Cynthia
983 3563 1050 3651 ipsi
1069 3563 1252 3651 Propertio
1278 3571 1398 3652 aperte
1418 3564 1558 3634 mandat
1578 3570 1614 3635 et

336 3686 522 3757 committit
545 3691 651 3775 utque
675 3691 887 3774 exsequatur
905 3685 1069 3775 impellit;
1099 3686 1179 3756 tibi
1203 3708 1305 3757 nunc
1329 3687 1519 3758 mandata
1543 3688 1612 3759 da-

336 3829 438 3899 mus,
458 3809 583 3899 inquit,
604 3817 787 3898 antequam
807 3811 915 3879 tertia
934 3810 1032 3880 verbi
1050 3830 1200 3897 persona
1218 3811 1344 3880 utitur:

444 4021 506 4089 73.
526 4019 657 4090 Nutrix
676 4021 709 4087 iu
728 4019 885 4090 tremulis
905 4039 947 4088 ne
967 4020 1050 4108 quid
1071 4021 1283 4092 desideret
1300 4021 1398 4091 annis
1411 4060 1458 4070 -

445 4144 506 4213 76.
527 4141 649 4212 --Ne
670 4142 844 4229 speculum
864 4143 1021 4214 dominae
1041 4147 1227 4235 porrigat
1246 4144 1305 4212 illa
1324 4163 1433 4213 novae
1448 4183 1495 4194 -

336 4356 374 4421 at
391 4355 470 4439 post
488 4350 552 4422 hos
570 4371 692 4422 versus
711 4353 935 4441 imperativos
955 4354 1115 4424 adhibet:
1136 4374 1210 4440 ure,
1222 4352 1354 4443 desine,
1365 4352 1468 4442 pelle,
1487 4351 1612 4440 scribe,

337 4495 541 4564 sperne—3
571 4476 723 4564 accedit,
753 4482 792 4546 ut
815 4497 903 4565 quae
923 4477 971 4546 ihi
991 4476 1215 4563 mandantur,
1244 4477 1423 4564 placatum
1442 4475 1557 4546 omnia
1575 4494 1615 4546 ac

338 4595 459 4668 dolore
488 4599 597 4688 magis
627 4608 663 4670 et
689 4601 821 4688 pietate
851 4620 953 4689 quam
981 4601 1035 4668 ira
1059 4604 1265 4668 commotum
1290 4600 1441 4669 animum
1461 4598 1616 4669 indicent

339 4724 443 4806 atque
472 4723 515 4792 ab
547 4723 781 4811 indignatione
809 4729 843 4794 et
877 4722 1118 4812 obiurgatione
1147 4721 1191 4792 ad
1219 4723 1550 4796 commiserationem
1579 4725 1617 4794 et
