3600 5594
868 527 1076 595 „26-

337 741 445 829 magis
465 744 663 829 suspectum
683 744 752 825 est,
781 755 882 826 quam
902 735 991 826 quud
1010 732 1154 806 Ovidius
1174 733 1318 806 diversis
1337 731 1424 804 locis
1443 752 1511 804 non
1530 730 1601 803 dis·

336 863 494 936 slmlllter
512 885 548 935 se
569 862 731 935 Sulmone
751 861 933 933 oriundum
952 858 1120 931 declarat:

238 1027 242 1034 ’
336 1058 430 1130 11111.
449 1057 513 1147 IV,
534 1061 595 1130 80.
618 1056 791 1144 Sulmonis
809 1017 917 1146 gelidi
934 1054 1079 1144 patriae,
1099 1052 1316 1142 Germanice,
1334 1057 1534 1123 nostrae-

335 1183 440 1254 Trist.
460 1181 522 1274 IV,
547 1184 606 1272 10,
629 1184 663 1252 3.
690 1178 808 1250 Sulmo
827 1180 909 1250 rnibi
928 1180 1042 1269 patria
1062 1185 1115 1250 est
1132 1177 1254 1268 gelidis
1272 1176 1468 1248 uberrimus
1488 1174 1598 1246 undis.

334 1377 495 1466 Pugnare
513 1378 604 1449 inter
623 1397 659 1447 se
679 1382 779 1465 putat
797 1374 899 1445 illud:

439 1569 525 1640 Mox
542 1568 602 1638 ubi
621 1569 715 1640 bulla
731 1569 810 1640 rudi
828 1568 969 1639 dimissa
988 1573 1042 1638 est
1059 1585 1165 1638 aurea
1184 1564 1272 1637 collo

491 1692 618 1764 Matris
637 1699 771 1764 stante
791 1692 875 1764 deos
893 1691 1003 1762 libere
1022 1696 1134 1761 sumto
1152 1695 1233 1780 toga
1252 1727 1299 1740 -

332 1891 367 1954 et
385 1882 431 1973 II,
453 1889 514 1974 24,
537 1888 585 1956 37
591 1939 598 1954 .
620 1907 647 1956 1.
670 1923 717 1936 -
739 1885 894 1975 quamvis
913 1904 977 1955 nec
997 1883 1163 1971 sanguine
1182 1845 1291 1954 avito'

490 2008 624 2080 Nobilis
644 2018 679 2080 et
697 2009 852 2098 quamvis
872 2027 939 2079 non
958 2009 1008 2078 ita
1028 2007 1124 2078 dives
1144 2027 1234 2077 eras.

409 2182 498 2254 Nam
524 2204 566 2254 ex
588 2182 751 2255 inferiore
774 2184 848 2255 loco
868 2183 962 2254 cerni
980 2179 1202 2271 Propertium
1221 2181 1372 2269 equitem
1391 2201 1460 2252 nou
1478 2178 1595 2267 fuisse3

330 2308 505 2396 superiore
524 2307 710 2398 significari
734 2308 897 2398 equitem.
944 2307 1052 2397 Quam
1080 2307 1125 2379 ad
1153 2306 1349 2396 opinionem
1375 2304 1596 2377 refellendam
1691 2323 1695 2334 ’

329 2451 390 2502 nos
409 2452 475 2503 non
494 2433 528 2503 id
547 2433 791 2522 protulerimus
811 2432 902 2523 quod
921 2433 1207 2520 Luettiohannes,
1236 2431 1465 2520 horoscopum
1484 2431 1596 2502 omnia

327 2575 509 2644 exaugere,
531 2556 590 2627 sed
618 2557 702 2628 illud
731 2557 934 2646 1111111111,
955 2556 1047 2646 quod
1066 2575 1172 2645 supra
1191 2554 1354 2646 diximus,
1375 2553 1595 2644 Propertium

327 2700 394 2749 non
422 2676 527 2750 luisse
557 2681 707 2770 equitem
735 2680 837 2750 nullis
864 2679 1054 2752 rationibus
1072 2700 1172 2770 posse
1192 2679 1359 2750 convinci.
1407 2679 1596 2750 Praeterea

326 2809 442 2873 111111
470 2803 506 2874 id
533 2804 635 2872 etiam
663 2804 865 2892 notandum,
904 2804 995 2894 quod
1027 2803 1278 2893 Hertzbergins
1304 2802 1458 2894 (Quaeso
1489 2801 1592 2892 Prop.

326 2946 359 3014 p.
383 2927 458 3014 14.)
486 2925 603 3014 docet,
632 2926 699 2997 illis
723 2927 935 3016 temporibus
954 2928 1008 2998 ins
1028 2948 1156 2998 111111
1176 2927 1289 2999 bullae
1308 2927 1462 3018 equestri
1481 2913 1593 2998 ordini

326 3070 393 3120 non
412 3047 519 3120 fuisse
538 3057 766 3122 reservatum.
813 3050 902 3122 Nam
926 3051 1028 3122 Plinii
1051 3051 1128 3123 loco
1148 3051 1207 3141 qui
1225 3052 1260 3122 in
1278 3052 1366 3123 hano
1386 3052 1592 3124 senteutiam

325 3172 487 3244 laudatur
496 3173 554 3265 (Η.
566 3175 609 3246 Ν.
621 3175 785 3264 XXXIII,
796 3177 849 3265 4.)
862 3175 920 3248 ille
935 3176 1076 3247 Asconii
1091 3176 1198 3248 verba
1212 3175 1256 3246 ad
1268 3173 1443 3248 Ciceronis
1453 3175 1532 3247 Act.
1544 3175 1590 3248 11.

325 3296 429 3367 Verr.
450 3298 479 3387 I,
500 3319 529 3368 c.
554 3300 613 3370 58.
636 3300 787 3390 opponit,
808 3302 881 3391 qui,
900 3299 1009 3371 Simul
1028 3321 1106 3372 oum
1124 3306 1319 3392 praetexta,
1340 3300 1466 3391 inquit,
1487 3301 1593 3372 etiam

324 3415 417 3490 bulla
440 3421 602 3509 suspendi
620 3424 654 3492 in
674 3423 761 3494 collo
781 3422 969 3495 infantibus
987 3424 1145 3514 iugenuis
1165 3423 1255 3494 solet
1272 3443 1391 3515 aures,
1420 3424 1592 3497 libertinis

326 3550 472 3614 scortea.
493 3531 597 3629 Quod
604 3564 687 3616 vero
704 3544 895 3635 Caruttius,
917 3566 1003 3634 qnae
1017 3547 1219 3637 Propertius
1239 3547 1321 3618 alibi
1339 3548 1383 3620 de
1401 3551 1510 3621 otiosa
1528 3571 1592 3622 sua

324 3666 396 3736 vita
414 3671 548 3754 narrat,
568 3687 721 3758 pugnare
740 3676 841 3758 putat
858 3692 936 3741 cum
955 3692 1006 3742 vs.
1030 3672 1115 3741 139.
1138 3691 1166 3741 s.

428 3862 517 3934 Nam
536 3863 601 3934 tibi
619 3863 782 3936 victrices
802 3885 1024 3954 quascunque
1043 3865 1160 3937 labore
1177 3867 1311 3955 parasti

480 3985 605 4057 Eludet
624 3987 754 4075 palmas
774 4009 843 4060 una
860 3987 975 4078 puella
993 3995 1071 4060 tuas
1083 4023 1134 4039 -—

323 4187 453 4250 etcum
477 4182 561 4250 133.
584 4200 609 4249 1.

427 4374 513 4445 Tum
533 4373 597 4444 tibi
616 4394 727 4462 pauca
747 4397 809 4447 suo
828 4377 870 4450 de
890 4378 1039 4450 carmine
1058 4378 1169 4448 dietat
1187 4377 1311 4465 Apollo

479 4498 526 4569 Et
544 4508 641 4573 vetat
660 4502 777 4574 insano
796 4503 904 4574 verba
921 4510 1042 4574 tonare
1062 4501 1137 4572 foro
1149 4524 1218 4572 -:

319 4697 414 4762 recte
432 4712 509 4763 eum
528 4693 799 4768 Luettiobaunes
818 4704 921 4786 negat
938 4696 1002 4767 hos
1021 4715 1142 4766 versus
1159 4695 1382 4768 intellexisse.
1403 4695 1491 4768 Nam
1510 4696 1583 4786 pal·

319 4834 393 4886 mae
417 4836 482 4886 uon
504 4815 648 4889 bellicae
666 4826 747 4891 1111
765 4821 826 4892 sod
844 4819 1046 4909 amatoriae,
1074 4825 1213 4892 vetatur
1241 4828 1357 4893 autem
1380 4819 1584 4910 Propertius
