3600 5594
740 463 948 534 ...15-

213 694 314 746 asua
333 678 447 746 aetate
467 679 501 744 el
526 673 703 746 voluntate
731 695 881 745 amorem
910 672 1076 764 profitens
1102 680 1274 745 ettamen
1303 693 1340 745 se
1367 676 1475 745 inuito

212 818 394 888 erumpere
428 819 470 868 ne
494 818 515 869 a
538 798 674 888 reliquo
703 796 842 888 quidem
869 798 958 870 libro
985 799 1150 868 amatoria
1179 799 1300 870 abesse
1325 801 1475 870 carmina

210 923 337 996 leviter
361 922 515 994 indicare
540 931 593 994 est
616 923 872 994 existimandus.
901 924 1043 1012 Epodon
1066 924 1226 1014 primum,
1257 945 1324 1014 quo
1348 943 1386 994 se
1407 945 1474 994 non

210 1049 361 1137 praedae
381 1067 494 1134 causa,
511 1045 573 1118 sed
591 1053 734 1139 propter
753 1055 882 1118 metum
901 1055 936 1118 et
955 1069 1072 1118 curam
1086 1047 1297 1119 Maecenatis
1314 1055 1474 1138 paratum

211 1174 261 1244 ait
280 1192 357 1242 eum
377 1173 413 1242 in
433 1171 558 1244 bellurn
579 1172 750 1260 comitari,
771 1193 814 1242 ex
833 1173 917 1261 ipsis
940 1180 1130 1261 temporum
1153 1173 1343 1244 rationibus
1361 1173 1476 1244 elucet

213 1318 280 1367 non
308 1317 349 1367 eo
378 1296 523 1367 consilio
551 1298 737 1386 seriptum,
770 1302 809 1366 ut
826 1295 954 1367 librum
981 1296 1165 1385 inciperet3
1189 1317 1250 1368 cur
1272 1298 1384 1386 primo
1401 1297 1476 1368 loco

209 1426 397 1511 poneretur
415 1421 500 1492 haec
521 1419 670 1492 fortasse
688 1441 793 1492 causa
812 1428 897 1512 erat,
915 1420 1005 1511 qnod
1026 1441 1094 1491 non
1112 1421 1364 1494 incommodum
1378 1422 1473 1493 vide-

210 1547 314 1618 batur
341 1544 530 1616 alautoris
560 1547 884 1616 commemoratione
914 1545 1037 1617 librum
1070 1547 1234 1638 incipere.
1274 1548 1348 1619 Nec
1373 1567 1474 1620 secus

210 1670 346 1742 videtur
375 1671 417 1743 de
446 1672 518 1744 Sat.
544 1671 572 1760 I,
601 1675 652 1759 1.,
682 1691 749 1760 qua
771 1671 1005 1742 Maecenatem
1035 1670 1158 1743 affatus
1182 1672 1329 1745 ridicule
1358 1694 1474 1745 secum
1549 1697 1551 1704 ’

211 1796 534 1885 pugnarebomines
555 1793 718 1884 ostendit,
745 1816 823 1867 cum
847 1816 909 1867 nec
933 1817 994 1867 sua
1018 1796 1195 1886 quisquam
1215 1803 1311 1868 sorte
1331 1805 1472 1870 conten·

210 1921 331 1990 tussit
353 1942 416 1992 nec
439 1927 553 1994 tamen
579 1941 652 1992 eam
678 1922 705 1990 si
731 1921 838 2010 possit
861 1919 935 1990 fieri
959 1925 1127 1991 mutatam
1149 1922 1249 2011 velit,
1273 1943 1420 2013 cumque
1438 1925 1473 1996 in

212 2066 310 2116 nsum
330 2043 484 2115 futurum
503 2067 544 2115 ea
562 2043 747 2116 corradant
767 2045 891 2134 quibus
912 2065 1085 2136 nunquam
1101 2051 1254 2136 utantur,
1269 2047 1473 2119 imminuere

211 2176 366 2242 metuant
385 2190 472 2259 quae
495 2171 562 2242 nisi
585 2177 829 2242 consumantur
847 2168 929 2242 nibil
950 2170 1095 2260 prosint,
1116 2171 1231 2259 parvis
1250 2177 1395 2243 naturae
1414 2193 1473 2243 ne·
1572 2191 1574 2196 ’

211 2295 430 2368 cessitatibns
454 2296 506 2366 vel
528 2296 650 2385 paucis
673 2294 846 2384 satisfieri,
875 2294 1051 2366 hominurn
1074 2296 1360 2368 existimationem
1386 2319 1473 2390 quae

210 2421 376 2510 pecuniae
394 2419 550 2510 pariatur
573 2441 639 2491 non
664 2420 752 2490 tanti
774 2439 862 2508 esse,
887 2439 1037 2491 amorem
1061 2441 1103 2490 ea
1125 2441 1191 2492 non
1213 2424 1328 2511 parari
1351 2443 1472 2512 parum

209 2546 412 2634 intelligant,
424 2552 611 2635 contraque
631 2565 690 2615 eos
711 2565 849 2615 errores
868 2545 1003 2614 modum
1024 2565 1100 2616 esse
1116 2546 1153 2615 in
1167 2546 1269 2617 rebus
1282 2547 1472 2636 praedicat.

210 2672 258 2742 At
277 2671 349 2744 Sat.
371 2671 416 2759 Il,
442 2674 473 2741 1.
497 2675 533 2741 et
551 2669 703 2742 scribere
722 2691 758 2740 se
778 2667 963 2758 profitetur
977 2668 1069 2758 quod
1088 2689 1157 2741 non
1175 2673 1286 2760 possit
1304 2693 1369 2744 non
1389 2675 1471 2745 scri·

210 2796 304 2882 bere,
329 2800 365 2866 et
388 2795 525 2884 satirae,
546 2815 611 2866 non
631 2795 781 2884 Augusti
799 2794 936 2883 landes,
957 2795 1048 2885 quod
1066 2795 1121 2865 bis
1143 2816 1211 2866 non
1235 2817 1300 2886 par
1321 2798 1378 2888 sit,
1403 2799 1473 2870 illis

209 2926 372 3009 tanquam
405 2920 510 2990 armis
538 2923 609 2990 suis
641 2926 777 3010 utatur,
810 2939 921 3009 neque
950 2940 1026 2990 cum
1054 2919 1204 3011 Augusti
1236 2922 1474 2995 benevolentia

212 3051 308 3114 tutus
336 3043 383 3112 sit
410 3063 612 3133 quemqnam
641 3049 811 3133 metuere;
855 3044 969 3132 Epist.
990 3044 1036 3124 ΙΙ,
1066 3049 1098 3114 l.
1117 3045 1274 3134 Augusto
1306 3067 1343 3118 se
1370 3055 1473 3135 atque

211 3167 371 3258 aequales
407 3173 526 3255 poetas
558 3173 680 3238 contra
715 3173 868 3240 veterum
905 3167 1029 3238 nimios
1062 3166 1288 3240 admiratores
1320 3169 1473 3241 delendit

210 3295 368 3384 quodque
387 3296 461 3366 eius
481 3292 601 3364 laudes
621 3315 685 3364 non
711 3294 864 3366 celebret
886 3294 1014 3383 ingenii
1037 3294 1090 3363 sui
1111 3293 1348 3366 imbecillitate
1367 3317 1471 3369 exeu-

211 3425 278 3507 sat;
299 3421 412 3509 Epist.
425 3419 454 3507 I,
469 3420 500 3488 1.
514 3418 707 3490 Maecenati
727 3439 765 3488 se
784 3419 927 3506 exponit
947 3417 990 3488 ad
1009 3419 1154 3506 pristina
1172 3421 1324 3492 carmina
1341 3419 1472 3496 frustra

210 3544 383 3632 revocari,
408 3543 488 3630 quia
510 3543 577 3612 iam
605 3528 842 3631 philosophiae
864 3543 1055 3633 virtutique
1078 3544 1224 3614 studeat.
1249 3543 1409 3636 Persius,
1433 3549 1473 3612 nt

209 3667 279 3738 iam
302 3687 361 3738 eos
384 3666 442 3756 qni
466 3665 601 3754 longius
626 3685 647 3735 a
669 3665 853 3756 Propertio
878 3666 1023 3754 distant,
1052 3685 1295 3756 memoremus,
1320 3668 1362 3737 iis
1386 3687 1471 3757 quos

210 3791 327 3862 satiris
355 3792 428 3860 suis
456 3789 637 3879 praemisit
655 3790 906 3879 Hipponacteis
930 3811 998 3861 non
1018 3796 1155 3880 poetam
1180 3811 1217 3861 se
1240 3791 1301 3862 sed
1324 3791 1470 3882 semipa-

209 3939 335 4006 ganum
358 3916 554 4008 praedicat3
583 3915 755 3986 luvenalis
778 3916 888 4005 prima
915 3917 1022 3987 satira
1045 3937 1106 3987 cur
1128 3914 1259 3986 scribat
1282 3915 1416 4006 etquid
1436 3921 1472 3986 et

210 4040 253 4112 de
276 4041 401 4132 quibus
425 4040 556 4114 scribat
579 4046 835 4112 commemorat.
855 4042 1018 4112 Poteram
1042 4040 1168 4111 addere
1190 4041 1234 4112 de
1252 4040 1413 4112 Phaedro
1437 4045 1472 4110 et

210 4168 384 4258 Martiale,
405 4165 533 4257 siquid
554 4166 631 4237 novi
651 4167 742 4256 apud
763 4187 821 4238 eos
841 4172 1059 4238 cerneretur:
1080 4166 1142 4237 sed
1162 4185 1205 4238 ex
1221 4165 1266 4236 iis
1284 4187 1371 4256 quae
1390 4185 1472 4254 pro·

211 4291 274 4362 tuli
302 4294 386 4364 satis
414 4298 467 4364 est
498 4293 731 4381 perspicuum,
766 4291 891 4380 quibus
924 4291 1134 4362 carminibus
1166 4298 1290 4380 poetae
1318 4289 1472 4380 singulos

211 4413 317 4485 libros
340 4415 501 4486 inducere
525 4414 670 4485 soleant.
701 4414 773 4485 Aut
797 4415 886 4484 enirn
912 4435 999 4502 quae
1026 4415 1138 4505 prima
1160 4411 1293 4484 faciunt
1319 4413 1472 4486 carmina

211 4538 304 4609 nulla
328 4543 422 4613 certa
449 4545 483 4610 et
501 4539 686 4630 perspicua
713 4559 815 4612 causa
837 4540 873 4610 in
900 4539 1010 4610 initiis
1038 4539 1218 4628 collocant,
1246 4545 1306 4608 aut
1332 4537 1471 4628 siquae

212 4661 378 4734 eiusmodi
406 4663 494 4734 ratio
523 4663 690 4744 cernitur,
719 4665 793 4753 qui,
823 4663 922 4754 quid,
952 4662 1023 4751 cui,
1051 4661 1158 4752 unde,
1188 4662 1374 4751 quomodo,
1403 4681 1471 4752 qna

212 4807 325 4877 causa,
347 4805 414 4876 quo
434 4787 576 4857 consilio
595 4787 750 4858 scribant
772 4788 826 4858 vel
844 4808 911 4858 non
931 4784 1086 4858 scribant
1108 4783 1326 4876 profitentur,
1350 4785 1469 4875 ntique
