3600 5594
731 517 937 586 ...73-

421 723 491 813 Ipsi
510 723 649 794 cernitis
669 723 841 796 ecfututus
861 733 900 796 ut
919 725 983 794 sirn

420 846 673 938 Confectusque
692 870 876 938 materque
895 849 1110 939 pallidasque
1132 888 1178 902 -
1210 844 1214 850 ’

419 970 557 1042 Defecit
573 972 666 1042 latus
685 982 719 1056 et
738 974 965 1062 periculosam

421 1094 506 1176 Cum
527 1097 613 1165 tussi
632 1097 737 1166 miser
754 1119 882 1185 exspuo
903 1097 1052 1167 salivam.

210 1317 258 1385 At
276 1336 388 1404 neque
407 1316 501 1402 alibi,
527 1317 617 1404 quod
637 1318 796 1405 solamne,
820 1326 1033 1388 mortuorum
1055 1337 1235 1406 corporum
1260 1317 1386 1387 macies
1406 1317 1463 1386 de·
1491 1369 1493 1374 .

213 1440 317 1510 scribi
333 1439 430 1528 solet,
452 1461 561 1528 neque
584 1439 639 1510 hic
659 1443 827 1510 attinebat
851 1441 1035 1532 quidquam
1058 1449 1214 1511 mortuae
1235 1440 1389 1511 habitum
1413 1441 1471 1510 ad-

206 1563 384 1667 umbrare,
417 1585 493 1634 cnm
517 1565 592 1652 ipsa
616 1539 709 1634 mors
735 1567 819 1634 satis
843 1575 934 1635 esset
958 1573 1037 1636 ante
1056 1566 1173 1634 oculos
1193 1565 1315 1652 posita.
1343 1563 1472 1634 Contra

213 1685 299 1754 nihil
316 1685 354 1755 fit
372 1685 584 1776 frequentius
604 1709 705 1777 quam
725 1699 774 1776 ut,
800 1691 827 1757 si
848 1691 944 1759 cuins
968 1689 1073 1760 verba
1096 1687 1299 1775 afferuntur,
1325 1687 1396 1758 sive
1414 1709 1467 1758 ae-

213 1810 331 1898 quitur
352 1811 423 1880 sive
442 1813 616 1882 antecedit
645 1813 767 1901 oratio,
793 1810 902 1882 forma
921 1814 1090 1900 loquentis
1110 1819 1145 1882 et
1164 1791 1295 1900 species
1314 1811 1471 1900 corporis

214 1940 506 2004 commemoretur.
538 1933 685 2021 Quodsi
709 1936 798 2024 apud
827 1937 934 2024 ipsum
955 1936 1173 2026 Propertium
1201 1936 1314 2006 rarlos
1337 1935 1470 2024 reperi·
1512 1981 1516 1992 ·

214 2077 299 2147 mus,
319 2056 445 2128 idcirco
465 2060 588 2128 mirum
608 2080 673 2129 non
698 2066 762 2146 est,
787 2061 866 2148 quIa
885 2061 914 2129 is
938 2059 1117 2148 loquentes
1136 2080 1217 2128 raro
1236 2058 1378 2163 inducit.
1404 2059 1471 2130 Sed

214 2188 330 2250 tamon
353 2182 382 2250 is
401 2203 537 2271 quoque
562 2181 621 2272 IV,
644 2185 678 2252 7.
699 2184 758 2270 in.‚
788 2185 987 2272 priusquam
1013 2184 1202 2253 orationem
1224 2181 1393 2272 Cynthiae
1417 2203 1492 2262 re·v

216 2301 293 2391 lert,
315 2304 426 2392 qualis
445 2325 485 2374 ea
504 2304 608 2376 luerit
628 2303 786 2393 exponit:

296 2526 330 2593 7.
372 2523 518 2594 Eosdem
533 2524 652 2594 habuit
667 2545 795 2611 secum,
816 2522 938 2612 quibus
954 2530 1006 2594 est
1020 2524 1109 2593 elata
1122 2524 1265 2614 capillos

425 2647 572 2720 Eosdem
594 2650 731 2720 oculos:
752 2646 851 2718 lateri
871 2648 976 2718 vestIs
996 2647 1119 2718 adusta
1138 2647 1213 2736 fuit,

374 2772 419 2842 Et
437 2772 574 2843 solitum
593 2772 700 2862 digito
719 2773 873 2860 beryllon
894 2772 1059 2842 adederat
1078 2772 1180 2861 ignia,

426 2895 632 2985 Summaque
652 2897 826 2966 Lethaeus
844 2897 989 2966 triverat
1008 2916 1068 2965 ora
1087 2897 1212 2985 quuor.

376 3020 611 3110 Spirantisque
630 3021 760 3091 ammos
781 3029 814 3091 et
832 3041 947 3090 vocem
968 3021 1080 3090 misit:
1101 3019 1205 3091 atilli

429 3145 618 3215 Pollicibus
636 3142 776 3234 fragiles
793 3145 995 3233 increpuere
1013 3164 1144 3214 manus.
1165 3183 1215 3194 -

219 3387 254 3452 et
271 3381 332 3472 111,
356 3385 389 3472 3,
414 3366 629 3456 11101111
652 3404 724 3471 me,
749 3379 1056 3504 ioquitnllastalia
1080 3380 1260 3470 speculans
1284 3403 1327 3453 ex
1350 3383 1474 3455 arbore

914 3503 915 3510 ’
1160 3505 1321 3576 Phoebus

597 3630 654 3702 Sic
675 3631 734 3720 ait,
754 3639 873 3701 aurata
893 3630 993 3700 nixus
1011 3630 1056 3699 ad
1075 3635 1174 3699 antra
1192 3627 1277 3718 lyra.

305 3851 386 3938 etl,
410 3853 443 3940 3,
466 3854 532 3921 34„
548 3849 731 3940 Cynthium
750 3854 945 3942 loquentem
963 3851 1011 3920 sic
1030 3849 1173 3919 inducit.

599 3974 656 4046 Sic
675 3977 734 4066 ait,
754 3977 789 4046 iu
807 3977 899 4046 molli
919 3977 997 4044 nixa
1016 3981 1091 4044 toro
1112 3967 1276 4044 cubitum.

224 4197 312 4266 Item
331 4195 484 4268 Catullus
501 4195 608 4268 XLV.
629 4200 665 4264 et
684 4192 840 4284 Septimii
858 4200 894 4266 et
907 4195 1014 4266 Actes
1033 4194 1187 4266 habitum
1206 4193 1378 4286 describit,
1399 4217 1476 4267 cum

224 4549 332 4604 macies.
350 4551 444 4604 Horat.
464 4552 549 4620 Epod.
568 4553 643 4622 VIII,
660 4555 684 4607 5.
716 4583 750 4594 -
768 4552 839 4606 inter
861 4550 952 4606 artdas
975 4556 1052 4606 nates
1066 4581 1098 4590 -
1113 4553 1138 4604 9.
1157 4547 1244 4603 femur
1262 4548 1342 4602 exile.
1361 4549 1475 4606 Authol.

225 4639 283 4694 Lat.
304 4639 421 4707 (Meieri)
440 4643 515 4694 1667.
539 4642 621 4695 Cuius
644 4629 750 4696 viscera
773 4657 827 4694 nou
849 4647 946 4708 aperta
964 4639 1067 4692 Tuscus
1081 4639 1134 4692 Per
1153 4637 1252 4704 pellem
1267 4637 1367 4703 poterit
1383 4639 1477 4693 videre

224 4730 369 4797 haruspex.
384 4728 505 4782 Martial.
518 4731 568 4798 Ill,
587 4733 630 4784 93.
649 4731 715 4786 Cum
729 4732 777 4786 tibi
796 4730 913 4785 trecenti
931 4729 1069 4797 consules,
1088 4723 1238 4780 Vetustilla
1251 4756 1284 4766 -
1298 4723 1395 4782 Pectus
1409 4727 1479 4783 cica-

223 4817 490 4897 daecrusculumqne
503 4815 637 4875 formicae.
1142 4827 1147 4840 ’
