3600 5594
662 511 946 588 ,-53-

319 719 407 789 Nam
427 720 510 809 quid
529 740 593 810 ego
613 719 770 791 adiiciam
787 718 829 789 de
844 739 912 807 quo
926 719 1011 789 milri
1031 717 1178 788 maxima
1197 717 1289 788 fama
1308 727 1371 812 est,

372 844 563 914 Hortorum
582 843 792 914 inmanibus
812 838 901 913 dona
918 841 1066 931 probata
1085 841 1197 912 meisi

321 965 507 1037 Caeruleus
527 966 678 1036 cucumis
696 964 896 1054 tumidoque
915 964 1094 1034 cucurbita
1113 972 1233 1034 ventre

372 1091 431 1160 Me
451 1095 547 1160 notat
566 1095 600 1159 et
618 1089 722 1160 iunco
742 1088 898 1158 brassica
917 1087 1032 1158 vincta
1049 1087 1138 1158 levi:

319 1215 391 1285 Nec
409 1213 472 1284 ilos
492 1216 582 1285 ullus
602 1216 674 1285 hiat
693 1215 816 1303 pratis,
837 1212 917 1301 quin
936 1211 994 1282 ille
1014 1210 1179 1282 decenter

371 1338 560 1427 Impositus
579 1336 684 1406 fronti
703 1336 866 1425 langueat
885 1343 963 1405 ante
983 1354 1092 1404 meae.
1111 1373 1161 1383 —-

1445 1277 1458 1310 Χ

214 1558 254 1619 ut
270 1556 349 1620 ante
367 1551 437 1620 iam
459 1549 672 1620 Schraderus
697 1557 732 1619 et
755 1533 1010 1635 LachmannusJ
1034 1569 1180 1639 cumque
1204 1550 1260 1620 hic
1285 1550 1413 1620 nullum
1437 1553 1479 1623 iis

215 1683 347 1744 certum
369 1675 481 1744 locum
506 1653 668 1762 vindicet,
698 1674 754 1744 ille
778 1694 836 1744 eos
865 1678 946 1762 post
968 1693 1018 1742 vs.
1044 1676 1101 1743 18.
1128 1673 1287 1761 collocet,
1310 1675 1383 1764 ipse
1402 1685 1480 1764 post

213 1819 264 1868 vs.
293 1803 351 1868 12.
377 1796 554 1868 transfert.
582 1797 738 1886 Namque
761 1797 828 1886 hic,
859 1797 982 1885 inquit,
1010 1817 1072 1866 cur
1096 1797 1276 1868 hortorum
1306 1799 1480 1870 cultorum

214 1924 396 1993 maximam
416 1922 481 1992 sibi
500 1921 626 1992 lamam
645 1942 721 1992 esse
741 1921 910 2010 gloriatur
928 1920 1162 1991 Vertumnus?
1185 1942 1226 1990 an
1248 1930 1285 1992 ut
1305 1924 1481 2012 sirpiculis

214 2047 326 2118 medio
350 2046 499 2136 pulvere·
516 2065 614 2116 rosas
642 2065 679 2114 se
707 2043 801 2114 ferre
829 2063 931 2133 posse
960 2045 1139 2115 ostendat?
1166 2051 1202 2115 at
1224 2049 1353 2118 ceteris
1376 2049 1480 2120 huius

213 2173 351 2260 generis
370 2171 528 2242 distichis
547 2171 751 2241 documenta
773 2188 840 2240 non
859 2168 1013 2241 addidit:
1035 2191 1097 2240 cur
1115 2170 1196 2242 huic
1216 2160 1373 2242 adiunxit
1391 2194 1480 2262 quae

215 2317 256 2368 ue
276 2297 497 2369 convenirent
516 2293 652 2383 quidem
673 2293 809 2362 omuino
829 2291 864 2360 in
883 2293 980 2362 rem?
999 2313 1077 2362 nam
1095 2313 1149 2364 vv.
1172 2298 1233 2364 45.
1254 2317 1303 2384 sq.
1326 2297 1482 2386 exempla

216 2421 328 2508 potius
356 2418 453 2488 illum
481 2416 605 2488 afferre
637 2415 875 2486 demonstrant
905 2413 1083 2486 fructuum
1115 2419 1150 2486 in
1183 2439 1282 2488 suum
1314 2419 1480 2492 honorem

213 2548 491 2633 praeceptorum,
511 2542 553 2612 de
572 2541 626 2610 his
646 2548 760 2610 autem
780 2541 849 2610 iam
868 2561 920 2610 vv.
942 2545 1000 2610 ll.
1022 2562 1095 2631 sqq.
1117 2541 1223 2612 verba
1241 2541 1336 2614 facit.
1358 2547 1478 2616 simili-

213 2671 337 2756 terque
367 2665 447 2754 quid
481 2662 583 2734 fama
616 2664 657 2733 de
689 2664 766 2753 ipso
800 2665 942 2752 eiusque
975 2667 1111 2734 nomine
1145 2667 1309 2737 statuerit
1341 2679 1481 2741 enarrat

191 2812 263 2860 .vs.
289 2794 329 2859 ll
353 2830 406 2840 -
426 2792 486 2859 20.
514 2788 682 2877 simulque
707 2799 746 2859 ut
769 2790 968 2861 testimonia
990 2787 1124 2859 fructus
1152 2789 1220 2859 sibi
1243 2789 1366 2860 allatos
1390 2810 1481 2862 com-

218 2917 447 2983 memorat.-
460 2910 600 2984 Omnem
614 2914 946 3000 argumentationem
957 2912 1051 2982 trahi
1064 2912 1218 2982 videmus
1229 2933 1270 2982 ex
1285 2911 1398 2983 fama.
1412 2914 1481 2984 Sed

217 3055 279 3104 nec
298 3056 382 3124 quae
401 3037 447 3106 sit
466 3035 508 3107 de
527 3037 662 3106 nomine
682 3037 866 3107 Vertumni
885 3035 976 3106 fama
995 3037 1047 3125 (ut
1065 3057 1116 3106 vs.
1142 3039 1199 3106 19.
1221 3037 1371 3107 Mendax
1389 3037 1480 3108 fama

216 3161 331 3247 uoces)
350 3159 520 3230 indicatur
538 3181 650 3249 neque
670 3161 851 3230 hortorum
874 3158 965 3229 fama
988 3159 1040 3229 vel
1063 3160 1175 3248 gloria
1197 3167 1420 3250 memoratur,
1442 3169 1481 3231 ut

215 3303 313 3354 rosas
334 3304 434 3372 posse
452 3281 544 3354 ferre
564 3284 736 3372 sirpiculis
755 3288 936 3372 appareat;
957 3303 1076 3352 verum
1096 3304 1152 3352 res
1171 3291 1242 3353 tam
1262 3283 1406 3373 simplex
1427 3291 1481 3356 est

214 3412 254 3476 ut
277 3427 343 3477 uon
367 3405 467 3476 facile
489 3428 695 3499 quemquam
717 3405 839 3496 fugiat,
865 3408 925 3495 qui
946 3427 1014 3476 uon
1038 3407 1081 3478 de
1105 3406 1277 3479 industria
1299 3408 1426 3479 nodum
1444 3409 1479 3479 in

214 3532 330 3620 scirpo
357 3538 513 3621 quaerat.
547 3530 759 3601 Vertumnus
784 3538 822 3600 ut
846 3536 1071 3619 opportunam
1097 3551 1195 3602 suam
1219 3551 1294 3602 esse
1322 3539 1479 3603 naturam

214 3655 369 3726 omnibus
388 3652 508 3742 liguris
528 3654 662 3744 doceat,
683 3665 768 3744 quot
787 3675 955 3744 quamque
970 3656 1084 3726 varias
1103 3653 1231 3744 figuras
1250 3655 1376 3726 habeat
1395 3677 1478 3726 enu-

214 3786 334 3850 merat.
355 3778 538 3849 Nonnullis
556 3779 755 3869 simpliciter
775 3780 974 3850 memoratis
993 3779 1061 3849 iam
1080 3778 1347 3868 occupatione
1366 3779 1479 3849 utitur

151 3933 155 3940 ·
215 3921 315 3990 quam
340 3903 424 3973 dicit
447 3909 570 3972 auctor
591 3901 758 3972 librorum
782 3903 826 3972 ad
850 3902 1065 3972 Herennium
1088 3901 1151 3988 IV,
1177 3906 1237 3988 26,
1260 3903 1338 3972 37.:
1365 3901 1478 3973 Occu·

213 4027 308 4116 patio
328 4033 383 4097 est
401 4047 477 4097 cum
498 4027 644 4096 dicimus
663 4046 725 4096 uos
745 4028 938 4115 praeterire
957 4035 1017 4098 aut
1040 4048 1107 4096 non
1131 4026 1220 4096 scire
1243 4033 1304 4098 aut
1322 4026 1411 4097 nolle
1430 4028 1480 4098 di-

215 4169 295 4220 cere
323 4149 371 4237 id,
396 4149 488 4241 quod
512 4158 594 4219 tunc
617 4150 763 4220 maxime
786 4147 943 4220 dicimus.
973 4150 1013 4220 ln
1041 4171 1108 4238 qua
1134 4148 1246 4239 figura
1274 4148 1479 4240 Seyffertius

212 4271 342 4366 (Schol.
363 4271 477 4344 Latin.
499 4273 526 4364 1,
546 4295 581 4363 p.
605 4272 679 4363 30.)
704 4272 858 4342 ostendit
882 4294 968 4344 nam
993 4275 1042 4344 ita
1065 4273 1145 4361 dici,
1170 4282 1209 4344 ut
1227 4274 1256 4344 si
1285 4275 1343 4362 qui
1372 4293 1478 4364 quae-

212 4402 303 4484 rant,
324 4417 463 4468 curres
482 4417 551 4468 nou
573 4398 672 4486 prius
696 4401 888 4466 memorata
913 4397 969 4485 sit,
994 4398 1038 4468 iis
1062 4405 1276 4468 occurratur.
1302 4397 1399 4485 Ergo
1418 4418 1481 4486 per

214 4521 474 4610 occupationem
499 4541 548 4590 vs.
580 4526 642 4590 41.
675 4539 779 4592 novas
802 4518 931 4608 figuras
955 4519 1092 4610 profert
1119 4541 1204 4611 quas
1229 4520 1392 4593 decenter
1414 4521 1478 4594 ha·

213 4644 304 4732 beat,
330 4650 369 4714 ut
386 4644 542 4714 Tibullus
561 4645 611 4715 ait
629 4643 691 4716 IV.
714 4650 749 4733 2,
774 4646 833 4716 13.
854 4665 882 4714 s.
