3600 5594
862 501 1073 568 ...22-

329 711 466 802 liquias.
513 711 635 801 Neque
652 729 735 781 vero
763 727 805 780 ex
832 709 900 780 illis
919 708 1080 780 versibus
1099 708 1287 798 quidquam
1306 709 1502 797 argumenti
1521 709 1601 780 duci

328 841 483 925 oportet,
502 836 627 925 quibus
646 839 683 906 s'e
701 834 910 923 Propertius
923 833 962 903 in
982 834 1094 923 prima
1113 832 1222 922 elegia
1240 849 1340 904 sacra
1358 831 1499 922 diesque
1520 853 1599 906 can·

328 965 484 1032 daturum
517 959 689 1048 deelarat;
726 959 793 1029 nisi
831 956 922 1029 forte
953 958 1075 1029 eadem
1107 959 1241 1029 ratione
1269 956 1431 1029 Ovidium
1465 975 1599 1047 quoque

331 1085 481 1158 Enniani
499 1084 637 1174 generis
655 1102 778 1171 pocma
796 1087 948 1154 tentasse
967 1081 1155 1170 existimes,
1176 1080 1267 1170 quod
1286 1082 1413 1171 inipso
1434 1082 1614 1152 Amorum·

330 1207 449 1300 initio,
478 1211 586 1280 Arma
608 1206 707 1296 gravi
730 1225 889 1293 numero,
917 1205 1045 1295 inquit,
1074 1205 1290 1295 violentaque
1317 1203 1409 1276 bella
1435 1205 1599 1294 parabam

327 1323 458 1404 Edere.
478 1330 567 1402 Illud
585 1331 702 1420 potius
716 1329 1043 1416 animadverterent,
1065 1328 1226 1401 Ovidium
1241 1328 1346 1400 etiam
1361 1336 1397 1400 et
1409 1329 1598 1400 Amoribua

329 1455 416 1530 illud
435 1455 477 1528 de
495 1453 634 1526 quenis
653 1473 750 1526 sacro
770 1454 988 1525 Faliscorum
1007 1453 1084 1544 (ΙΙΙ,
1107 1455 1169 1544 13)
1197 1460 1233 1524 et
1260 1451 1432 1525 Tristibus
1451 1452 1536 1523 illud
1554 1453 1598 1526 de

327 1579 447 1652 Tomis
464 1598 600 1652 carmen
614 1578 690 1670 (ΙΙΙ,
704 1577 739 1668 9)
749 1577 950 1666 inseruisse
966 1583 1006 1664 qt
1023 1578 1218 1649 huiusmodi
1233 1578 1383 1648 carmina
1397 1576 1451 1648 vel
1465 1576 1600 1666 singula

326 1707 487 1776 constare
510 1723 573 1774 nec
592 1705 658 1793 pro
674 1699 876 1791 fragmentis
897 1702 1065 1773 maiorum
1083 1707 1279 1791 poematum
1303 1700 1502 1791 accipienda
1515 1722 1598 1798 ⁸esse

324 1825 570 1915 intelligerent.
600 1824 731 1896 Verum
751 1825 809 1914 sit,
828 1833 866 1895 ut
885 1825 1015 1913 volunt;
1035 1825 1215 1915 scripserit
1234 1825 1289 1895 vel
1308 1824 1479 1896 inchoarit
1499 1829 1594 1896 certe

326 1949 549 2041 Propertius,
579 1947 671 2039 quod
699 1969 761 2020 nec
789 1945 935 2036 perfecit
963 1969 1074 2039 neque
1102 1949 1236 2037 attigit:
1265 1955 1381 2019 tamen
1407 1967 1450 2018 uc
1480 1957 1597 2019 cetera

326 2073 465 2164 quidem
486 2073 626 2146 concedi
646 2072 833 2163 oportebit.
856 2072 929 2144 Gur
948 2073 1039 2143 enim
1057 2070 1203 2144 Ovidius
1221 2071 1413 2162 fragmenta
1427 2073 1511 2144 talia
1524 2093 1597 2144 me·

323 2204 497 2287 moraret,
536 2217 612 2267 curu
641 2197 715 2285 ipse
742 2216 808 2266 non
837 2194 1030 2285 fragmenta
1058 2198 1116 2268 sed
1146 2217 1304 2286 magnum
1335 2205 1370 2267 et
1397 2197 1594 2268 continuum

306 2371 308 2382 ι
324 2342 447 2410 poema
465 2320 585 2390 similis
604 2321 798 2410 argumenti
817 2318 961 2391 ederet?
994 2323 1045 2392 Ac
1065 2341 1128 2392 cur
1146 2321 1366 2411 Propertius,
1388 2322 1418 2390 si
1437 2330 1515 2393 erat
1531 2321 1596 2392 ali-

325 2443 466 2534 quando
485 2445 620 2533 epicum
638 2465 760 2533 poema
774 2465 1014 2534 aggressurus,
1029 2465 1095 2514 nou
1111 2453 1249 2534 poterat
1268 2446 1359 2517 idem
1377 2446 1593 2517 nihilominus
1704 2415 1712 2433 ⁸

324 2569 370 2642 ad
380 2570 504 2642 Festos
520 2568 720 2641 scribendos
739 2570 889 2639 animum
908 2567 1105 2657 applicare?
1124 2552 1339 2659 Quamquam
1356 2589 1430 2658 nos,
1450 2579 1489 2640 ut
1507 2571 1594 2642 dixi-

328 2714 420 2783 mus,
451 2713 564 2782 neque
587 2693 673 2764 illud
691 2692 878 2763 verisimile
898 2695 1061 2780 putamus
1080 2713 1191 2782 neque
1211 2692 1372 2765 Ovidium
1391 2699 1469 2764 ante
1488 2697 1595 2765 Amo-

327 2838 382 2889 res
397 2816 538 2888 annales
554 2817 687 2903 aliquos
702 2815 872 2904 attigisse.
892 2815 981 2885 Nam
997 2836 1083 2906 quae
1098 2817 1263 2887 orationis
1281 2817 1454 2905 premitur
1473 2817 1594 2887 simili-

326 2931 629 3026 tudoaOaruttio,
650 2938 749 3010 cuius
766 2939 803 3008 in
822 2938 1064 3010 documentum
1083 2942 1228 3028 primam
1247 2941 1422 3030 Propertii
1444 2941 1593 3029 elegiam

326 3084 405 3135 cum
426 3061 541 3134 Ovidii
555 3062 670 3134 Fastis
681 3066 813 3132 etdrte
824 3064 972 3134 Amandi
986 3070 1174 3154 comparat,
1190 3084 1231 3134 ea
1245 3065 1428 3136 maximam
1442 3071 1605 3155 partem,¹

328 3192 367 3260 ut
381 3186 573 3258 rectissime
593 3184 679 3256 dicit
696 3185 978 3277 Luettiohannes,
1000 3208 1119 3258 rerum
1135 3188 1356 3260 similitudine
1370 3195 1474 3278 atque
1488 3209 1591 3279 argu·

324 3311 432 3381 menti
451 3310 661 3398 continetur,
689 3317 859 3398 quatenus
886 3319 1000 3383 autem
1023 3312 1208 3383 verborum
1227 3311 1335 3400 magis
1355 3331 1456 3401 quam
1475 3333 1593 3384 rerum
1697 3389 1701 3404 ,

325 3439 390 3522 est,
409 3439 481 3504 tam
500 3433 570 3504 late
588 3439 685 3524 patet
701 3441 839 3522 tamque
859 3455 976 3505 omnes
996 3435 1040 3506 ad
1057 3434 1234 3523 Propertii
1252 3435 1361 3506 libros
1378 3436 1539 3526 pertinet,
1553 3444 1594 3508 ut

325 3561 387 3629 aut
405 3556 489 3628 nihil
508 3557 712 3647 suspicionis
731 3564 866 3627 moreat
893 3563 952 3628 aut
979 3557 1137 3628 omnibus
1161 3559 1236 3629 eius
1256 3559 1464 3632 carminibus
1482 3560 1592 3632 multa

325 3681 496 3771 amputari
526 3686 703 3772 oporteat,
738 3701 825 3771 quae
853 3679 897 3750 ab
924 3681 1080 3752 omnibus
1107 3683 1263 3770 partibus
1290 3689 1367 3755 tuta
1394 3682 1585 3756 videantur.

326 3802 424 3892 Quod
444 3825 510 3895 quo
528 3806 637 3896 magis
657 3811 839 3895 appareat,
860 3825 938 3875 eum
955 3806 1067 3894 ipsum
1086 3806 1199 3877 locum
1217 3799 1407 3895 Propertii,
1433 3808 1490 3897 qui
1509 3809 1585 3879 nul·

323 3927 392 3998 lam
406 3949 554 4019 unquam
565 3929 720 4000 auctoris
733 3929 962 4017 suspicionem
972 3931 1079 4001 movit
1089 3931 1254 4020 cuiusque
1264 3953 1284 4002 a
1294 3931 1404 4020 primo
1419 3931 1587 4004 vocabulo

326 4052 436 4122 omnia
463 4050 554 4122 liber
581 4051 714 4140 primus
736 4071 858 4122 nomen
883 4053 1031 4142 accepit,
1059 4055 1194 4125 initium
1222 4054 1297 4125 dico
1325 4055 1455 4142 primae
1485 4056 1587 4144 primi

326 4174 407 4246 libri
427 4173 576 4264 elegiae,
595 4195 673 4246 cum
693 4173 808 4246 Ovidii
827 4176 996 4250 similibus
1014 4179 1172 4249 versibus
1192 4175 1425 4249 conferemus:

405 4423 464 4496 Pr.
490 4428 521 4495 1.
544 4421 694 4514 Cynthia
713 4423 826 4513 prima
844 4424 916 4495 suis
936 4425 1100 4495 miserum
1118 4445 1172 4494 me
1191 4424 1283 4514 cepit
1301 4425 1430 4497 ocellis.

406 4545 469 4618 Ov.
489 4548 567 4619 Am.
587 4547 652 4636 111,
676 4551 735 4637 11,
757 4550 818 4619 43.
838 4547 973 4639 Perque
991 4553 1071 4618 tuos
1089 4549 1203 4618 oculos
1223 4549 1282 4638 qui
1300 4569 1447 4638 rapuere
1466 4571 1572 4623 meos.

403 4669 463 4742 Pr.
487 4675 521 4743 3.
542 4672 630 4744 Tum
649 4673 733 4745 mibi
752 4674 942 4745 constantis
962 4670 1087 4743 deiecit
1104 4671 1233 4742 lumina
1250 4671 1421 4745 fastus-

404 4794 486 4866 Her.
508 4793 570 4886 XI,
594 4799 653 4869 35.
673 4796 808 4870 Erubui
825 4796 1028 4887 gremioque
1044 4794 1157 4887 pudor
1175 4796 1302 4870 deiecit
1320 4800 1457 4872 ocellos.
