3600 5594
731 496 1023 579 -25-,
1128 445 1224 526 Ὗ

201 707 315 798 gnari,
335 707 378 778 de
397 707 523 798 quitus
542 713 594 778 est
612 706 675 794 ΙΙΙ,
701 711 759 797 12,
779 726 888 797 neque
909 708 1121 798 argumentis
1140 708 1222 780 ullis
1241 708 1468 781 demonstrari

202 838 318 921 potest
341 851 403 902 nec
428 831 458 902 si
477 835 595 920 posset
614 835 706 902 esset
724 829 929 902 documento
949 833 1102 906 auctoris
1121 833 1241 922 alieni,
1271 833 1301 902 si
1329 832 1467 924 quidem

200 954 1544 1046 mmfflwmmmmmmmwm1

202 1077 297 1166 Quae
315 1091 429 1150 autem
448 1075 564 1151 Ovidii
592 1078 685 1149 dieat
713 1077 858 1167 vestigia
880 1086 1116 1168 praeteream
1136 1101 1223 1170 quae
1243 1101 1348 1152 causa
1367 1079 1469 1151 simili

164 1233 166 1241 ·
203 1203 400 1275 continetur
428 1201 684 1274 similitudinem
712 1221 774 1274 nec
804 1200 981 1274 Caruttius
1009 1204 1094 1275 dicit
1121 1225 1231 1294 neque
1254 1205 1343 1276 alius
1367 1201 1468 1275 facile

99 1372 100 1378 η
133 1313 136 1330 “
203 1323 344 1396 dixerit.

282 1447 429 1536 Reliqua
456 1455 511 1518 est
535 1448 667 1539 primae
695 1447 828 1536 elegiae
855 1449 1086 1537 persultare,
1115 1451 1217 1538 quam
1246 1447 1422 1520 Caruttius
1450 1470 1470 1520 a

201 1569 385 1661 Propertio
405 1571 593 1661 abiudicat‚
615 1572 695 1661 quia
714 1576 749 1641 et
768 1577 973 1660 repetantur
992 1572 1158 1662 quaedam
1173 1594 1215 1644 ex
1229 1573 1306 1644 aliis
1316 1571 1468 1662 Proper·
1520 1645 1523 1652 ,

201 1695 303 1766 tianis
322 1693 565 1783 Ouidianisque
580 1694 790 1767 carminibus
805 1703 841 1766 et
853 1696 1015 1767 nonaulla
1034 1715 1113 1768 cum
1131 1697 1175 1768 iis
1195 1703 1359 1788 pugnent,
1380 1716 1469 1787 qnae
1509 1760 1512 1766 ,

202 1818 260 1890 ille
279 1819 361 1891 alibi
380 1828 559 1894 memoret.
581 1817 629 1891 Ut
648 1819 739 1889 enim
758 1817 814 1889 hic
834 1817 985 1891 dicatur:

309 1997 452 2067 Aversis
473 1995 634 2067 Charisia
655 2005 784 2083 cantas,
805 2015 949 2067 aversus
969 1996 1104 2086 Apollo:
1122 2037 1169 2050 -

360 2117 481 2190 Poscis
500 2119 543 2190 ab
562 2120 669 2190 invita
688 2117 796 2190 verba
812 2119 961 2210 pigenda
979 2120 1056 2209 lyra
1069 2142 1134 2210 -;

109 2319 113 2328 ⁴
202 2295 253 2367 ita
272 2294 497 2386 Propertium
516 2294 579 2385 Ill,
602 2298 637 2386 3,
661 2299 720 2384 17,
742 2299 804 2368 22.
824 2295 967 2368 dixisse:

308 2467 387 2542 Non
405 2471 462 2564 hic
483 2471 552 2541 ulla
572 2470 636 2542 tibi
656 2472 826 2560 speranda
845 2469 1016 2562 saltumn,
1038 2473 1199 2562 Properti
1212 2511 1257 2524 -

361 2635 412 2645 -
431 2593 512 2668 Non
530 2602 584 2665 est
601 2595 732 2683 ingenii
752 2596 878 2686 cymba,
891 2597 1064 2686 gravanda
1083 2597 1134 2667 tui
1146 2636 1198 2648 -

205 2726 243 2790 at
261 2715 420 2791 Ovidium
438 2717 547 2809 (Fast.
568 2718 626 2809 Vl:
647 2717 789 2790 Aversis
808 2721 940 2791 utinam
958 2719 1150 2810 tetigissem
1171 2721 1308 2792 nomina
1326 2719 1451 2808 Musis;

165 2885 170 2896 '
206 2902 245 2966 ut
262 2895 367 2984 Prop.
388 2895 417 2986 1,
440 2901 501 2967 22.
522 2904 609 2968 extr.
631 2895 763 2967 dictum
782 2897 843 2968 sit:

312 3069 473 3141 Proxima
490 3073 667 3160 supposito
688 3072 891 3162 contingens
910 3072 1055 3144 Umbria
1074 3093 1195 3162 campo

363 3193 422 3264 Me
441 3194 576 3283 genuit,
596 3195 703 3266 terris
721 3193 847 3266 fertilis
867 3195 1093 3266 uberibus-

205 3318 256 3388 ita
270 3317 342 3389 hic:
363 3317 506 3390 Umbria
525 3325 558 3388 te
577 3319 667 3390 notis
686 3320 830 3408 antiqua
848 3317 1034 3390 Penatibus
1054 3319 1140 3406 edit,

364 3441 536 3513 Mentior?
555 3463 599 3514 an
620 3443 755 3531 patriae
774 3443 930 3532 tangitur
949 3463 1009 3513 ora
1027 3448 1106 3512 tuae
1117 3464 1178 3530 -3

204 3639 356 3728 itemque
376 3638 449 3710 illa:
472 3639 684 3712 scandentes
703 3642 733 3712 si
753 3642 827 3732 quis
847 3645 967 3712 cernat
986 3641 1027 3711 de
1047 3641 1192 3712 vallibus
1211 3659 1320 3728 arces,

266 3763 409 3853 Ingenio
428 3783 546 3834 muros
565 3765 727 3835 aestimet
744 3765 803 3836 ille
822 3786 899 3836 meo
912 3803 959 3816 -

204 3957 306 4028 nimis
324 3977 399 4028 esse
418 3957 542 4029 similia
561 3954 739 4030 Ouidianis
759 3958 929 4030 versibus:

311 4135 425 4222 Atque
444 4135 569 4224 aliquis
589 4144 746 4226 spectans
763 4137 890 4224 hospes
908 4134 1081 4206 Sulmonis
1100 4134 1222 4223 aquosi

362 4257 512 4347 Moenia,
533 4280 600 4349 quo
620 4260 731 4349 campi
750 4260 870 4348 iugera
889 4279 1000 4349 pauca
1019 4265 1153 4344 tenent,

312 4379 407 4468 Quae
426 4389 576 4471 tantum,
596 4382 704 4472 dicet,
725 4381 887 4474 potuistis
906 4383 999 4452 terre
1017 4388 1171 4470 poetam,

365 4504 675 4596 Quantulacumque
695 4507 794 4596 estis,
815 4526 875 4576 vos
894 4525 957 4594 ego
977 4524 1101 4593 magna
1119 4523 1215 4574 voco.

207 4663 276 4738 Sed
311 4663 355 4736 ud
392 4666 650 4739 similitudinem
686 4668 780 4738 illam
807 4666 898 4736 idem
925 4663 1034 4755 valet,
1064 4662 1153 4752 quod
1178 4681 1284 4752 supra
1311 4661 1470 4749 diximum

206 4790 299 4882 quod
317 4795 433 4862 autem
452 4793 600 4880 patriam
620 4813 717 4864 suam
736 4788 939 4880 Propertius
952 4788 1007 4860 bis
1023 4786 1183 4860 similiter
1197 4787 1339 4877 indicat,
1354 4785 1388 4856 id
1402 4806 1471 4858 non
