3600 5594
881 510 1083 579 ..76-

354 718 422 807 gia,
442 739 507 788 non
532 739 633 808 posse
657 721 721 789 nisi
748 719 791 790 ad
819 718 918 790 ludos
946 719 1213 808 quinquennales
1236 720 1406 807 Actiacos,
1439 719 1498 808 qui
1522 739 1609 790 anno

353 862 385 910 a.
406 840 469 914 Ch.
491 865 523 912 u.
550 849 606 914 16.
628 842 792 914 celebrati
812 844 891 930 sint,
913 843 1169 931 praeparandos
1188 841 1324 932 referri,
1349 845 1430 933 quia
1447 837 1609 914 coniunc-

355 965 417 1036 tivi
436 987 554 1036 versus
576 971 636 1036 71.
658 976 693 1037 91
711 967 948 1056 sequentium:

461 1179 613 1251 Candida
632 1199 721 1250 nunc
740 1179 831 1248 molli
851 1178 1022 1249 subeant
1041 1179 1196 1249 convivia
1214 1180 1303 1267 luco,

512 1303 773 1392 Blanditiasque
792 1302 921 1373 119991
940 1321 1002 1390 999
1020 1323 1096 1372 mea
1115 1303 1201 1373 colla
1219 1323 1329 1390 rosae,

459 1427 616 1516 Vinaque
634 1426 856 1497 fundantur
874 1426 999 1514 praelis
1020 1427 1103 1496 elisa
1122 1409 1290 1511 Falernis,

513 1551 648 1640 Terque
665 1551 775 1620 lavet
793 1556 928 1620 9991999
948 1551 1041 1638 spica
1062 1549 1186 1620 Cilissa
1205 1571 1320 1620 comas
1335 1557 1415 1621 cett.
1436 1587 1487 1600 -

357 1755 394 1815 et
412 1745 561 1816 loturum
580 1765 700 1814 versus
721 1748 782 1815 85.

566 1939 621 2010 Sic
641 1945 777 2008 noctem
796 1945 929 2028 patera,
949 1938 996 2008 sic
1016 1937 1153 2008 ducam
1173 1938 1322 2007 carmine
1340 1977 1390 1988 -—

259 2118 264 2126 ’
311 2158 315 2169 ·
356 2135 399 2204 de
418 2135 504 2205 actis
524 2132 700 2204 iamludis
719 2131 828 2220 accipi
852 2138 1042 2220 nequeant:
1067 2141 1104 2200 91
1127 2151 1188 2200 999
1210 2129 1463 2202 sicambrorum
1482 2133 1606 2202 eciam
1646 2179 1650 2188 ·

358 2279 445 2330 9999
469 2257 622 2346 potuisse
646 2255 721 2326 lieri
747 2257 961 2343 mentionem,
991 2256 1115 2342 quippe
1139 2255 1197 2342 qui
1221 2267 1363 2324 exeunte
1386 2255 1443 2324 illo
1467 2257 1609 2326 999919

358 2383 521 2453 ditionem
539 2381 715 2466 venerint3
738 2401 799 2450 nec
818 2381 914 2450 ludos
929 2401 986 2450 999
1004 2400 1146 2471 usquam
1161 2380 1196 2447 in
1211 2378 1274 2448 hac
1289 2378 1398 2465 elegia
1411 2381 1606 2450 memorari.

357 2504 489 2576 Deinde
517 2524 653 2575 versum
676 2503 976 2574 1191679199
1000 2522 1076 2572 9999
1096 2502 1224 2572 similes
1247 2502 1353 2572 initiis
1376 2502 1430 2571 vel
1449 2502 1609 2574 clausulis

358 2629 519 2700 similium
537 2629 736 2712 carminum,
759 2628 850 2697 utin
876 2627 987 2697 media
1006 2626 1116 2714 elegia
1134 2625 1242 2695 locum
1261 2645 1328 2694 uon
1346 2625 1503 2696 habeant.
1525 2627 1605 2698 Tum

357 2751 526 2822 Philotam
545 2757 580 2822 91
599 2750 858 2836 Callimachum,
879 2750 937 2837 qui
956 2749 990 2818 in
1008 2749 1117 2818 911999
1136 2748 1281 2818 disticho
1300 2758 1548 2821 memorentur:

465 2960 555 3031 Cera
578 2961 664 3048 lvel:
697 2959 801 3050 99919)
824 2959 1014 3030 Philetaeis
1042 2967 1154 3030 certet
1175 2961 1263 3051 luel:
1294 2964 1438 3051 9991991)
1462 2962 1613 3033 Romana

1035 3185 1038 3189 Α
1062 3086 1065 3092 ’
1299 3086 1484 3176 corymbis,

515 3209 563 3280 Et
583 3209 778 3299 Cyrenaeas
797 3228 883 3277 urna
902 3207 1075 3278 ministret
1093 3228 1209 3297 aquas.
1226 3249 1280 3272 .-

361 3405 390 3473 91
417 3403 622 3474 amatorium
652 3401 825 3471 scribatur
853 3379 1001 3486 carmen,
1030 3408 1125 3471 99919
1147 3399 1342 3489 memorari,
1371 3421 1437 3470 non
1459 3401 1553 3491 item,
1583 3402 1613 3472 si

360 3529 499 3617 gravius
517 3537 757 3614 argumentum
774 3531 954 3593 tractetur.
985 3523 1203 3593 Contrarium
1227 3545 1294 3595 non
1312 3523 1399 3594 ellici
1417 3545 1519 3594 99999
1542 3529 1611 3596 69;

491 3727 586 3798 Β9119
605 3726 688 3796 99119
708 3725 836 3796 999191;
865 3725 1032 3796 citharam
1051 3727 1119 3796 iam
1137 3727 1247 3816 poscit
1265 3726 1386 3818 Apollo
1409 3765 1452 3778 ·-

362 3952 438 4003 cum
462 3951 523 4000 nec
546 3931 636 4002 bella
658 3931 755 4017 prius
778 3935 972 4018 narrentur,
1002 3929 1061 4000 sed
1084 3931 1186 4001 aedes
1205 3930 1372 4023 Apollinis
1392 3929 1537 4002 Palatini
1557 3953 1612 4003 re·

360 4055 492 4126 feratur
520 4057 582 4145 (99.
608 4058 730 4124 11.·91
757 4073 805 4122 vs.
833 4056 894 4124 67.
923 4054 1043 4124 Actius
1070 4055 1149 4138 hinc
1176 4055 1279 4126 traxit
1306 4054 1465 4126 Phoebus
1492 4075 1612 4126 monu-

362 4189 477 4250 menta
496 4180 560 4266 -)
578 4177 831 4266 plurimumque
851 4178 915 4248 loci
934 4178 1101 4267 Apollinis
1121 4181 1233 4250 oratio
1252 4179 1415 4268 obtineat,
1442 4200 1505 4249 999
1524 4179 1612 4250 19119

361 4305 419 4375 1119
439 4305 557 4374 eadem
576 4301 685 4389 elegia
704 4301 876 4372 celebrata
894 4302 1036 4372 voculae
1055 4304 1132 4372 iam
1152 4313 1186 4372 91
1204 4321 1305 4370 9999
1331 4303 1400 4370 9191
1418 4303 1544 4373 indicio
1562 4287 1609 4393 (in

362 4449 410 4498 99.
434 4431 493 4498 69.
514 4435 549 4496 91
568 4429 654 4508 711.
684 4423 750 4495 Sed
778 4446 820 4495 ne
848 4431 937 4496 vate
966 4433 1000 4496 et
1029 4425 1157 4495 sacris
1187 4421 1340 4514 quidem,
1368 4446 1455 4514 quae
1482 4425 1611 4496 sintin

362 4571 410 4620 99.
444 4555 476 4620 l.
504 4549 625 4640 (Sacra
650 4549 733 4619 facit
760 4556 856 4619 99199
874 4551 957 4637 -),
987 4548 1076 4618 ellici
1107 4548 1339 4636 eontrarium,
1369 4569 1447 4619 cum
1479 4569 1519 4618 ea
1546 4568 1610 4638 per

362 4669 522 4764 alpensium
536 4674 716 4762 quamdam
732 4673 835 4742 etiam
855 4673 897 4744 de
916 4673 1042 4742 leviore
1060 4670 1119 4740 illo
1138 4672 1228 4760 quod
1246 4693 1268 4741 a
1286 4693 1387 4744 99999
1408 4674 1468 4744 69.
1486 4693 1608 4761 sequa·

360 4806 419 4868 tur
437 4797 583 4868 carmine
602 4797 748 4886 intelligi
765 4796 906 4885 possint.
926 4795 965 4866 In
983 4815 1051 4884 qua
1068 4797 1364 4884 argumentatione
1377 4797 1444 4870 hoc
1463 4795 1609 4885 primum
