3600 5594
858 443 1066 512 ...10-

437 652 602 742 Ignosoes
621 653 728 743 igitur
747 653 777 724 si
796 653 878 743 qnid
896 653 960 725 tibi
978 653 1081 724 triste
1100 651 1207 725 libelli

519 777 708 850 Attulerint
726 777 835 848 nostri
859 817 903 830 -

334 952 370 1023 id
389 973 465 1024 oum
484 955 519 1024 in
538 975 578 1026 eo
597 954 690 1026 dieat
712 953 800 1026 libro
826 975 925 1044 quern
949 960 984 1027 et
1011 956 1158 1046 primum
1182 960 1217 1026 et
1241 954 1447 1043 singularem
1473 957 1592 1047 edidit,

334 1097 401 1147 non
421 1076 563 1148 dubium
582 1085 636 1150 est
655 1079 736 1166 quin
755 1079 840 1150 nihil
855 1080 921 1149 nisi
936 1079 1089 1170 singulas
1104 1080 1233 1169 elegias
1248 1079 1351 1152 dicat.
1371 1081 1483 1170 Atque
1502 1080 1592 1152 idem

334 1199 428 1273 cadit
445 1202 480 1272 in
499 1203 563 1294 Ill,
587 1207 621 1294 2,
646 1207 704 1274 15.

438 1381 630 1453 Fortunata
648 1401 724 1452 meo
745 1383 773 1452 si
793 1401 860 1471 qua
879 1388 932 1454 est
951 1375 1126 1453 celebrata
1143 1381 1274 1456 libello!
1309 1487 1313 1493 .

335 1579 421 1646 quae
441 1559 546 1632 uerbo
564 1559 721 1652 proximo
740 1558 955 1650 pentametro
973 1561 1047 1650 ipse
1066 1560 1234 1650 explieat:

518 1733 678 1808 Carmina
696 1741 799 1809 erunt
816 1736 947 1809 formae
967 1744 1018 1810 tot
1036 1738 1247 1808 monimenta
1265 1742 1354 1808 tuae.
1447 1807 1451 1816 ,

334 1909 422 1983 Nam
434 1913 637 1986 etuniverse
652 1914 805 2004 loquitur
823 1916 1035 2006 hexametro,
1052 1937 1128 1987 ourn
1150 1916 1185 1986 si
1205 1937 1280 2004 qua
1299 1915 1405 2005 dicat,
1423 1920 1457 1986 et
1471 1935 1593 2005 parurn

333 2042 386 2107 est
404 2035 601 2128 verisimile,
631 2058 869 2130 quameunque
887 2039 1015 2129 laudet,
1052 2045 1126 2110 toto
1149 2039 1239 2110 libro
1260 2037 1490 2130 laudaturum,
1512 2045 1547 2110 et
1565 2039 1594 2110 si

336 2160 487 2230 earmina
505 2159 649 2232 totidem
668 2161 797 2236 formae
817 2169 897 2234 sunt
914 2165 1137 2252 monimenta,
1167 2165 1431 2254 unumquodque
1456 2185 1594 2235 carmen

332 2283 375 2356 ad
402 2283 574 2356 fortunam
600 2291 635 2356 et
658 2285 783 2358 lamam
807 2289 881 2360 eius
901 2308 988 2379 quae
1016 2288 1178 2360 laudatur
1208 2288 1483 2361 constituendam
1511 2289 1595 2359 satis

332 2408 435 2482 ualet.
456 2410 541 2480 Item
562 2427 639 2481 oum
658 2411 703 2503 II,
727 2414 787 2502 25,
809 2416 843 2484 3.
864 2413 936 2484 Ista
954 2415 1052 2504 meio,
1072 2413 1193 2504 inquit,
1211 2413 1269 2484 fiet
1286 2413 1465 2484 notissima
1483 2411 1594 2484 forma

331 2532 471 2624 libellis,
492 2573 544 2585 -
563 2534 639 2623 quis
659 2536 723 2608 sibi
742 2536 951 2626 persuadeat
969 2559 1036 2609 non
1055 2539 1205 2608 carmine
1228 2537 1336 2627 magis
1359 2558 1460 2628 quam
1479 2544 1592 2609 certo-

332 2677 409 2728 rum
427 2659 595 2730 librorum
613 2659 767 2731 ordinem
789 2667 823 2732 et
842 2661 1042 2732 divisionem
1063 2660 1178 2732 dicere
1194 2662 1291 2751 quasi
1311 2663 1494 2752 quidquam
1510 2663 1592 2734 atti-

332 2788 413 2854 neat
457 2783 628 2874 quomodo
666 2784 726 2854 illa
758 2785 891 2874 digesta
922 2790 959 2857 et
990 2785 1148 2857 ordinata
1180 2785 1275 2858 sint?
1312 2785 1469 2878 Denique
1502 2786 1593 2877 quod

330 2908 359 2998 I,
380 2910 416 2997 9,
441 2911 499 2979 13.
520 2905 564 2978 ad
581 2905 763 2980 Ponticum
784 2909 918 2981 scribit:

437 3086 453 3156 Ι
473 3104 600 3176 quaeso
620 3090 656 3158 et
674 3087 786 3158 tristis
804 3086 890 3158 istos
910 3106 1074 3176 compone
1090 3087 1228 3159 libellos

515 3209 563 3282 Et
578 3230 661 3284 cane
681 3211 773 3302 quod
792 3212 932 3304 quaevis
950 3232 1050 3286 nosse
1069 3213 1185 3303 puella
1205 3214 1289 3285 velit
1310 3255 1356 3266 —

332 3387 381 3458 ibi
400 3387 482 3478 quin
499 3387 575 3478 ipsa
594 3394 754 3478 poemata
773 3392 881 3487 opica,
902 3411 968 3462 non
986 3390 1092 3460 libros
1111 3391 1146 3459 in
1166 3409 1252 3478 quos
1272 3389 1523 3460 distribuantur
1541 3389 1593 3460 di-

333 3518 389 3583 oat
408 3519 507 3584 extra
526 3532 661 3584 ornnem
683 3513 932 3584 dubitationem
955 3514 1105 3602 positum
1128 3512 1279 3584 videtur.
1310 3511 1386 3600 Qua
1404 3512 1595 3584 Lachman-

331 3657 395 3708 nus
415 3639 448 3708 vi
470 3637 595 3728 aoeipit
618 3636 787 3726 libellum,
812 3657 854 3708 ea
875 3636 1078 3726 Propertius
1097 3635 1221 3707 librum
1241 3636 1343 3707 dicit:
1364 3637 1409 3726 II,
1436 3640 1470 3726 3,
1496 3641 1530 3708 4.
1547 3637 1595 3708 Et

332 3761 445 3851 turpis
463 3761 508 3834 de
526 3770 561 3833 te
580 3762 648 3833 iarn
666 3760 756 3832 liber
775 3761 864 3832 alter
882 3761 1007 3834 erit-
1021 3766 1057 3831 et
1074 3750 1118 3850 ΙΙ,
1138 3763 1198 3847 24,
1218 3763 1250 3832 l.
1274 3761 1327 3832 Tu
1346 3761 1497 3851 loqueris
1516 3781 1594 3833 oum

332 3887 378 3958 sis
406 3891 486 3958 noto
513 3887 580 3957 ianr
608 3884 725 3958 fabula
752 3884 842 3957 libro
870 3885 917 3958 Et
944 3892 1005 3957 tua
1031 3887 1077 3956 sit
1103 3888 1178 3956 toto
1211 3885 1360 3977 Cynthia
1387 3886 1478 3957 lecta
1505 3883 1592 3958 loro.

332 4009 547 4102 Quamquam
570 4011 695 4082 ceteris
717 4009 847 4082 dnobus
869 4009 955 4081 loeis
984 4009 1043 4080 ubi
1069 4017 1255 4100 usurpatur
1277 4011 1362 4080 baec
1391 4010 1493 4082 etiam
1527 4031 1594 4081 vox

331 4136 434 4207 latins
456 4138 553 4224 patet
576 4133 788 4224 similiusque
810 4132 928 4204 libello
949 4133 1090 4206 dieitur:
1115 4133 1162 4224 ΙΙ,
1190 4139 1223 4224 l,
1245 4139 1278 4204 2.
1303 4131 1402 4205 Unde
1420 4154 1517 4205 meus
1535 4155 1594 4207 ve·

332 4255 405 4332 niat
427 4259 539 4330 mollis
567 4257 601 4327 in
630 4277 692 4329 ora
717 4257 805 4328 liber
825 4295 871 4312 -
893 4263 930 4329 et
952 4257 1014 4350 IV,
1042 4263 1077 4348 7,
1103 4261 1163 4329 50.
1195 4258 1316 4348 Longa
1340 4278 1416 4329 mea
1438 4259 1473 4328 in
1496 4258 1595 4330 libris

333 4403 441 4475 regna
457 4380 554 4454 fuere
573 4381 652 4453 tuis.
673 4381 789 4472 Atque
809 4383 927 4455 eodem
947 4383 1048 4454 modo
1067 4382 1227 4454 volumen
1245 4381 1328 4454 dicit
1346 4381 1392 4472 11,
1413 4387 1444 4473 1,
1462 4387 1496 4454 6.
1518 4383 1594 4454 Hoc

332 4515 441 4582 totum
460 4527 479 4578 e
499 4506 569 4580 (loa
586 4511 684 4580 veste
702 4508 864 4579 volumen
887 4509 965 4580 erit.
991 4505 1148 4579 Aliorum
1165 4511 1343 4596 poetarum
1372 4505 1482 4579 minus
1514 4527 1593 4579 oon-

333 4639 427 4706 stans
455 4636 509 4704 est
535 4653 619 4706 usus
645 4631 763 4705 libelli.
797 4633 884 4706 Sunt
902 4631 1007 4704 libelli
1033 4630 1127 4722 libri,
1156 4637 1195 4702 ut
1213 4629 1275 4703 Ov.
1295 4631 1401 4704 Trist.
1422 4631 1466 4722 V,
1495 4635 1527 4721 1,
1546 4631 1593 4701 in.

334 4801 384 4814 -
397 4758 499 4834 Hune
518 4778 654 4852 qnoque
674 4756 984 4850 deGetieo,nostri
1002 4755 1166 4847 studiose,
1176 4755 1328 4828 libellum
1338 4755 1474 4830 Littore
1491 4777 1593 4846 praa-
