3600 5594
728 463 937 531 ...81-

195 667 406 760 tingitania
427 688 494 759 quo
520 668 580 759 qui
604 669 770 760 originem
795 669 890 742 aedis
907 669 1087 742 Palatinae
1110 669 1297 760 explicavit
1320 669 1473 742 muaudo

195 789 310 864 fassus
339 790 441 880 genio
468 788 658 880 indulgeat,
689 796 860 882 potusque
892 792 1055 863 convivas
1082 791 1126 864 ad
1158 791 1334 883 Principis
1360 793 1475 864 varias

194 913 317 988 laudes
336 913 563 986 celebrandas
585 913 766 1004 impellat:
796 913 872 1005 quis
890 934 958 988 nou
977 914 1012 986 iu
1031 933 1072 986 eo
1092 934 1258 988 summam
1276 919 1398 1004 poetae
1416 935 1473 986 ar·

196 1047 269 1110 tem
302 1042 467 1128 agnoscat
494 1034 751 1126 simplicitatem
779 1038 991 1110 narrationis
1019 1038 1215 1129 argumenti
1241 1057 1282 1110 ac
1310 1055 1474 1109 sensuum

198 1161 370 1232 varietate
389 1161 621 1232 edomantis?
706 1216 708 1221 .

277 1281 363 1355 Cum
389 1283 482 1355 euim
505 1290 587 1374 post
610 1285 844 1356 narrationem
863 1285 1028 1356 Actiacae
1048 1285 1218 1356 victoriae
1238 1281 1408 1356 sacrificio
1427 1283 1474 1353 si·
1520 1355 1522 1362 ,

196 1407 329 1478 mulato
353 1411 600 1496 praeparatam
624 1414 769 1497 repente
794 1428 830 1478 se
853 1415 1018 1498 tauquam
1037 1408 1073 1476 in
1092 1406 1287 1479 convivium
1305 1403 1476 1478 transfert

195 1530 300 1619 idque
328 1531 428 1617 quasi
450 1531 619 1620 magister
642 1530 780 1619 quidam
807 1527 949 1601 bibendi
972 1531 1064 1618 regit
1092 1536 1129 1602 et
1152 1530 1355 1602 moderatur
1377 1535 1413 1600 ct
1435 1532 1476 1599 ut
1586 1605 1593 1620 ,

199 1653 451 1743 Eryximachus
479 1653 572 1743 apud
594 1652 774 1724 Platonem
799 1657 965 1724 Amorem
993 1655 1045 1726 ita
1067 1654 1265 1744 Augustum
1292 1659 1333 1723 ut
1354 1651 1476 1724 ordine

198 1795 318 1846 omues
339 1775 538 1847 collaudent
557 1775 749 1866 coustituit,
769 1776 958 1866 legentium
977 1777 1110 1848 animos
1129 1776 1296 1865 religione
1316 1782 1352 1846 et
1366 1779 1478 1846 atten-

196 1900 291 1970 tione
306 1890 462 1970 imbutos
481 1899 526 1970 ad
541 1899 810 1970 admirationem
821 1899 940 1990 erigit,
957 1919 1020 1989 spe
1031 1897 1224 1989 confirmat,
1238 1896 1476 1988 indignatione

143 2103 145 2106 ,
195 2029 393 2110 permovet,
418 2022 554 2093 laetitia
576 2028 747 2112 grataque
770 2021 945 2112 Apollinis
969 2023 1212 2094 recordatione
1234 2020 1374 2110 implet,
1398 2039 1478 2090 mox

197 2145 326 2216 elatam
344 2165 583 2234 summamque
603 2145 772 2218 laetitiam
791 2144 836 2216 ad
855 2145 1070 2217 convivalem
1089 2137 1309 2217 hilaritatem*
1318 2141 1476 2233 inflectit,

197 2273 236 2340 ut
257 2287 368 2356 paene
392 2268 513 2340 eadem
538 2267 722 2340 affectuum
747 2269 857 2340 series
879 2274 1111 2358 percurratur
1129 2273 1233 2360 atque
1251 2267 1365 2338 inille
1387 2265 1476 2338 cele·

197 2389 348 2462 berrimo
376 2391 516 2462 Horatii
545 2391 697 2464 carmine
725 2391 755 2480 I,
779 2394 840 2463 37.
862 2391 981 2485 (Nunc
999 2398 1052 2464 est
1071 2391 1262 2464 bibendum
1281 2389 1390 2479 cett),
1410 2389 1479 2460 uisi

199 2513 292 2603 quod
309 2513 516 2604 Propertius
536 2515 876 2586 commiserationem
895 2534 971 2586 eam
991 2516 1138 2604 omittit,
1169 2535 1238 2606 qua
1259 2514 1318 2585 ille
1337 2531 1478 2584 carmen

199 2638 341 2725 egregie
362 2636 550 2728 concludit,
572 2637 799 2727 ordinemque
817 2638 1034 2740 contrarium¹
1048 2636 1206 2727 adhibet,
1231 2657 1310 2708 cum
1330 2634 1479 2707 convivii

198 2759 413 2831 hilaritatem
441 2765 614 2851 extremo,
646 2781 713 2832 uon
741 2762 854 2851 primo
874 2761 951 2833 loco
972 2761 1149 2851 exprimit.
1187 2760 1279 2849 Quid
1297 2760 1407 2850 igitur
1425 2763 1480 2830 est

200 2902 262 2954 cur
281 2903 370 2973 quae
393 2884 429 2954 iu
453 2903 521 2954 uuo
541 2885 693 2955 carmine
715 2905 850 2995 summa
868 2884 994 2956 merito
1013 2884 1230 2974 praestantia
1247 2884 1479 2970 existimatur,

200 3005 236 3074 iu
264 3006 376 3077 altero
404 3011 538 3077 tautam
566 3007 602 3076 in
621 3008 925 3098 reprehensionem
946 3008 1121 3098 incurrat,
1149 3012 1190 3078 ut
1207 3013 1320 3077 totum
1340 3024 1479 3076 carmen

201 3129 469 3218 discerpendum
489 3129 671 3201 videatur?
686 3169 738 3182 -
752 3129 875 3218 Neque
895 3131 988 3201 euim
1006 3130 1197 3201 verendum
1218 3135 1273 3200 est
1294 3147 1338 3198 ue
1361 3131 1480 3198 extre·

201 3272 277 3322 mus
305 3253 404 3323 locus
433 3273 453 3322 a
478 3252 659 3340 superiore
683 3253 837 3323 carmine
856 3252 1036 3324 dissideat.
1075 3251 1166 3340 Quid
1186 3251 1275 3322 cuim
1294 3247 1479 3321 narratur?

201 3373 376 3446 Definitur
403 3394 471 3464 quo
504 3375 634 3448 classes
662 3376 890 3447 convenerint
916 3377 980 3466 (15
1001 3415 1051 3426 —-
1075 3378 1138 3460 20)
1166 3380 1201 3445 ct
1234 3393 1324 3464 quae
1352 3373 1480 3445 classes

203 3499 410 3586 (al-24),
430 3497 644 3570 describitur
663 3497 835 3588 quomodo
855 3499 948 3570 acies
968 3498 1163 3570 instructae
1183 3499 1254 3569 siut
1272 3497 1479 3586 (aa-26),

78 3709 81 3714 Ι
202 3620 381 3691 inducitur
400 3620 525 3710 Apollo
545 3622 689 3712 eiusque
708 3623 834 3713 oratio,
856 3642 924 3711 qua
942 3627 981 3692 ut
999 3623 1192 3710 imperator
1210 3625 1292 3691 aute
1311 3619 1480 3711 proelium

203 3743 331 3814 milites
355 3743 405 3814 ita
425 3745 620 3832 Augustum
644 3747 791 3817 victoria
808 3745 1042 3834 promittenda
1062 3743 1243 3815 coufirmat
1261 3744 1482 3832 animumque

204 3867 279 3936 eius
298 3867 414 3956 erigit,
434 3865 614 3955 profertur
633 3869 803 3957 proelium
822 3868 1053 3956 commissum,
1072 3867 1192 3938 hostes
1210 3865 1361 3956 fugatos,
1382 3865 1482 3938 Cleo-

204 3995 339 4078 patram
358 3987 491 4078 fugisse
511 3989 691 4079 ipsamque
711 3991 779 4062 sibi
798 3997 946 4064 mortem
966 3991 1173 4064 conscivisse
1192 3994 1371 4061 narratur:
1398 3990 1483 4080 quid

206 4112 344 4182 tandem
367 4112 405 4181 id
427 4119 481 4182 est
500 4110 566 4181 nisi
590 4111 741 4182 bellum
765 4112 821 4182 vel
843 4119 884 4184 ut
906 4119 1028 4202 poetae
1049 4133 1153 4203 saepe
1171 4114 1344 4202 pluralem
1364 4113 1485 4184 dicunt

205 4234 315 4305 bella
339 4255 482 4324 canere,
507 4235 538 4305 si
556 4254 622 4305 nou
643 4238 683 4305 ut
703 4235 793 4324 epici
813 4242 850 4307 at
868 4243 984 4308 tamen
1002 4237 1053 4308 ita
1072 4244 1112 4309 ut
1130 4237 1231 4327 lyrici
1250 4242 1374 4327 poetae
1393 4236 1485 4307 bella

207 4357 356 4428 canunt?
377 4357 492 4448 Atque
513 4379 555 4430 ea
574 4358 713 4448 quidem
734 4359 849 4430 omnia
868 4379 908 4430 eu
924 4361 1068 4432 consilio
1083 4367 1281 4454 narrantur,
1302 4365 1342 4431 ut
1360 4361 1484 4433 cursil

207 4481 361 4569 Apollini
379 4480 541 4553 Palatina
569 4483 673 4555 aedes
693 4482 855 4556 dedicata
874 4485 1095 4576 ostendatur,
1125 4485 1186 4555 sed
1203 4491 1320 4555 tamen
1338 4484 1397 4555 hic
1415 4505 1485 4556 nou

207 4605 390 4692 quaeritur
415 4627 482 4694 quo
508 4608 652 4679 consilio
672 4607 734 4680 sed
753 4606 838 4698 quid
857 4615 1033 4680 narretur.
1072 4608 1169 4696 Quod
1189 4628 1232 4678 ne
1251 4607 1485 4680 concedamus

207 4747 285 4796 cum
302 4727 559 4801 Luettiohanue
578 4732 711 4820 epicum
733 4732 905 4822 quoddam
924 4753 1046 4822 poema
1066 4732 1278 4822 excogitare,
1299 4732 1486 4823 quodPro·

1255 4867 1273 4922 e
