3600 5594
728 512 855 580 ..67
884 547 934 560 -.

204 742 265 810 pro
285 730 418 792 rtrum
442 720 563 792 scribit
583 741 744 804 moram,
765 720 855 808 quod
874 721 1000 790 virum
1024 697 1171 806 nequeo
1190 719 1379 790 simulare
1398 739 1457 790 ne-

199 856 269 934 'qoe
288 866 309 914 a
326 845 498 932 pretium
520 842 621 913 facit
640 849 757 934 aptum
772 843 881 932 possit
894 863 990 926 esse;
1009 862 1189 930 quaecum
1205 843 1457 930 verbasemper

202 965 413 1057 significent:
450 968 706 1036 constituere
723 1018 727 1030 .
743 967 921 1056 pretium
940 1003 990 1016 --
1013 965 1244 1037 accusativum
1273 985 1339 1035 noo
1367 966 1457 1036 asci-

203 1097 309 1162 scant.
327 1089 395 1162 Sed
410 1090 492 1160 nihil
509 1091 706 1187 mutandum
724 1096 785 1160 est.
803 1089 891 1160 Nam
906 1090 1033 1158 virum
1053 1089 1225 1176 pretium
1244 1088 1342 1162 facit
1361 1089 1456 1162 simi-

203 1214 282 1284 liter
309 1214 437 1285 dicitur
463 1233 503 1284 ac
535 1215 710 1300 pretinm
737 1211 872 1283 fecere
899 1212 1005 1282 Deos
1033 1212 1075 1282 de
1100 1233 1165 1301 qno
1190 1213 1230 1284 ad
1252 1213 1316 1300 IV,
1340 1217 1372 1302 l,
1394 1217 1455 1286 81.

201 1337 359 1424 diluimur,
384 1336 450 1406 etsi
474 1337 528 1406 bio
553 1337 733 1424 pretium
755 1336 866 1424 magis
890 1337 993 1406 otiam
1013 1356 1034 1404 a
1051 1336 1189 1424 propria
1209 1311 1456 1422 significatione

201 1459 365 1531 deflexum
394 1465 457 1530 est.
489 1459 608 1547 Neque
636 1460 724 1530 enim
756 1458 789 1528 id
817 1460 959 1531 denotat
987 1458 1078 1547 quod
1102 1459 1199 1547 quasi
1227 1459 1260 1529 in
1288 1461 1456 1550 emptione
1570 1463 1574 1471 “

200 1585 363 1673 pecuniae
401 1585 476 1654 loco
515 1584 636 1670 datur,
667 1583 728 1653 sed
755 1604 828 1654 rem
856 1582 1088 1670 utilissimam,
1116 1582 1200 1652 nihil
1227 1584 1387 1671 amplios,
1417 1589 1457 1654 nt

205 1707 359 1778 Kritzius
386 1707 430 1776 ad
450 1705 590 1776 Sallust.
621 1706 698 1794 Ing.
721 1709 780 1776 81.
803 1706 901 1776 docet
920 1725 939 1774 a
958 1705 1078 1776 Tacito
1107 1704 1174 1777 dici
1192 1705 1295 1794 (Ano.
1325 1707 1371 1795 ll,
1395 1709 1454 1778 35.

201 1830 269 1900 Res
288 1851 328 1900 eo
362 1851 448 1900 anno
476 1829 625 1918 prolatas
647 1831 737 1900 haud
765 1828 943 1916 referrem,
975 1829 1010 1898 oi
1031 1829 1181 1918 pretium
1205 1827 1295 1900 foret
1315 1829 1377 1902 Cn.
1398 1830 1455 1902 Pi·

201 1957 295 2025 sonis
322 1961 358 2026 et
384 1956 498 2026 Asinii
518 1953 606 2026 Galli
635 1974 738 2043 snper
767 1974 808 2024 eo
836 1955 974 2042 negotio
1003 1953 1154 2024 diversas
1182 1955 1369 2024 sententias
1396 1976 1456 2024 no-

201 2099 308 2150 scere.
338 2079 373 2167 l,
406 2082 466 2148 57.
497 2075 700 2148 Germanico
727 2079 877 2166 pretium
907 2076 983 2146 luit.
999 2086 1196 2147 convertere
1224 2081 1380 2168 agmen),
1418 2089 1457 2148 ut

200 2203 371 2274 sententia
398 2202 483 2271 baec
514 2201 578 2270 sit:
609 2201 798 2270 simulando
827 2199 928 2288 ellici,
956 2206 997 2269 ut
1022 2201 1076 2269 vir
1094 2200 1116 2269 i.
1138 2222 1167 2270 e.
1189 2220 1284 2270 amor
1307 2202 1370 2270 viri
1399 2221 1456 2272 res

199 2326 381 2396 utilissima
392 2327 436 2394 sit
446 2331 481 2394 et
492 2325 803 2412 quaestuosissima.
817 2325 904 2394 Nam
915 2323 1000 2393 illud
1010 2321 1149 2411 'quidem
1166 2323 1298 2412 pridem
1311 2329 1346 2394 et
1360 2333 1455 2396 recte

202 2455 423 2520 memoratum
448 2456 510 2527 est,
531 2448 692 2518 simulare
710 2449 820 2518 virum
839 2448 866 2518 si
888 2447 964 2536 quis
983 2449 1054 2535 ipse
1083 2448 1147 2517 viri
1166 2451 1312 2535 speciem
1331 2449 1453 2518 indue·

200 2579 272 2658 ret;
300 2578 336 2642 at
353 2591 416 2642 nec
437 2570 642 2659 simpliciter
669 2571 831 2640 simulare
858 2577 999 2660 praeter
1026 2569 1307 2640 consuetudinem
1328 2570 1455 2640 dicitur

199 2717 261 2766 nec
281 2695 361 2784 quid
383 2696 429 2765 sit
446 2693 671 2764 simulandum
687 2694 743 2763 hic
759 2694 941 2764 obscurum
960 2713 1036 2763 esse
1055 2699 1182 2780 potest,
1199 2713 1276 2763 cum
1295 2693 1452 2785 idipsum

200 2815 315 2889 mo'ltis
335 2819 393 2905 qui
411 2823 601 2906 sequuntur
628 2816 786 2887 versibus
805 2816 1004 2905 explicetur.
1036 2815 1196 2886 Simulari
1215 2824 1355 2904 oportet
1373 2837 1453 2888 cau·

203 2961 258 3012 sas
276 2942 436 3013 amatoris
464 2940 658 3030 diripiendi,
688 2941 839 3030 quiquo
868 2940 975 3029 magis
994 2938 1183 3026 differatur,
1212 2961 1252 3010 eo
1271 2941 1452 3021 vehemen-

203 3065 275 3134 tius
290 3066 498 3152 exardescat,
528 3085 595 3154 quo
624 3065 731 3152 magis
759 3065 891 3150 ardeat,
921 3084 960 3132 eo
987 3063 1088 3153 plura
1116 3063 1198 3132 dare
1227 3069 1368 3151 paratus
1387 3065 1451 3152 sit;

200 3189 316 3278 itaque
336 3187 544 3257 simulandae
571 3188 656 3276 irae,
686 3186 841 3276 sabbata,
870 3185 1014 3273 natales,
1043 3185 1177 3256 aemuli.
1209 3183 1338 3272 Quibus
1357 3207 1452 3277 prae

201 3312 308 3401 ceptis
327 3317 459 3381 tantum
478 3312 577 3382 abest
595 3316 633 3380 ut
652 3310 831 3398 superiore
851 3301 1018 3379 disticho:

305 3549 437 3641 Sperne
455 3548 567 3640 fidem,
589 3551 747 3639 provolve
767 3549 862 3638 deos,
881 3547 1057 3619 mendacia
1074 3549 1232 3620 vincant!

356 3683 489 3773 Frange
509 3689 544 3754 et
563 3683 745 3756 damnosae
765 3686 844 3754 iura
860 3683 1061 3775 pudicitiae!

199 3931 370 4021 generalis
388 3933 501 4002 nescio
520 3950 607 4018 quae
634 3933 832 4022 praeceptio
860 3932 1113 4022 praemittatur,
1143 3931 1177 3999 in
1198 3951 1263 4019 qua
1284 3952 1369 4020 quae
1398 3955 1452 4004 se·

200 4066 349 4144 quuotur
368 4056 435 4125 sint
458 4055 581 4144 posita,
601 4064 640 4124 ut
658 4057 767 4124 omnis
787 4056 884 4144 quasi
903 4055 1047 4125 rationis
1066 4055 1123 4124 illa
1141 4075 1208 4124 una
1227 4076 1307 4143 pars
1325 4058 1382 4146 sit,
1402 4056 1451 4127 al-

199 4187 274 4248 tera
291 4200 311 4248 a
331 4199 379 4248 vs.
402 4182 461 4248 29.
484 4186 685 4266 exponatur.
715 4177 888 4248 Pudicitia
921 4178 1010 4247 enim
1040 4199 1115 4248 cum
1145 4199 1262 4249 earum
1290 4181 1337 4250 sit
1364 4201 1452 4269 quae

199 4307 259 4372 aut
278 4302 380 4371 nullis
399 4314 458 4373 aut
481 4302 622 4392 singulis
648 4301 858 4372 amatoribus
887 4275 1040 4390 utamur,
1069 4312 1108 4370 ut
1126 4323 1204 4372 mox
1232 4304 1312 4391 quid
1332 4304 1366 4373 io
1385 4304 1452 4373 sin·

199 4425 353 4514 gulorum
372 4444 485 4495 amore
504 4426 754 4496 observandum
776 4425 832 4509 sit,
852 4425 900 4492 ita
919 4424 1016 4512 prius
1036 4425 1112 4495 lena
1130 4423 1300 4515 praecipit
1318 4432 1356 4494 ut
1373 4427 1450 4516 plu-

199 4568 255 4619 res
272 4548 340 4618 viri
359 4547 514 4618 amentur
547 4548 700 4637 fidesque
728 4547 873 4618 amatori
903 4545 982 4616 data
1011 4546 1159 4636 fallatur,
1189 4552 1291 4636 atque
1319 4569 1381 4636 per
1412 4557 1453 4620 et

201 4671 243 4742 ab
261 4694 328 4746 una
346 4672 388 4742 ad
408 4671 550 4742 alteram
571 4683 704 4761 partem
724 4692 805 4742 suae
830 4670 1030 4758 disciplinae
1058 4671 1323 4760 transgreditur.
1354 4673 1450 4744 Nihil

201 4796 288 4866 enim
308 4797 453 4868 interest
472 4801 592 4868 utrum
613 4803 774 4884 quaestus
799 4815 901 4866 causa
927 4793 1040 4880 puella
1066 4794 1226 4866 iubeatur
1253 4796 1381 4886 aliquid
1399 4796 1449 4868 la-

1243 4932 1257 4965 a
