3600 5594
845 435 1053 504 ..30-

317 643 561 720 verumetiam
581 641 869 733 aOicerouepro
890 642 1025 716 Oluent.
1049 647 1109 730 63,
1133 645 1222 713 177:
1254 663 1358 732 quum
1380 644 1447 713 iam
1467 651 1580 716 tortor

317 773 422 858 atque
441 773 558 841 essent
577 774 747 840 tormento
765 767 840 856 ipsa
859 766 1005 848 defessa.
1045 765 1130 860 (Gir.
1151 767 1401 857 Naegelsbach,
1430 767 1579 844 Lateini-

318 891 571 994 schevStilistik
597 889 653 964 ihr
680 891 866 964 Deutsehe.
897 896 930 962 2.
953 891 1006 964 ed.
1031 895 1141 966 1852.
1173 891 1191 983 ἕ
1215 895 1300 964 167.
1323 895 1358 962 4.
1378 911 1456 981 pag.
1478 893 1578 982 466).

190 1023 192 1027 ’
268 993 270 1004 ⁴
317 1016 372 1090 Sic
390 1024 505 1088 antem
525 1017 554 1086 ai
572 1017 617 1092 ed
634 1017 872 1088 hexametrum
890 1016 1044 1105 priorem
1065 1018 1169 1090 tacite
1183 1015 1347 1087 addemus
1361 1022 1579 1105 steterunt,

317 1139 362 1216 ad
378 1147 628 1229 pentametrum
657 1141 773 1212 stetit
801 1160 909 1228 eoque
938 1160 1015 1211 cum
1041 1139 1150 1211 verbo
1175 1139 1306 1210 miuus
1327 1141 1580 1212 suburbanae

317 1270 353 1334 et
371 1264 541 1336 maxima
559 1264 679 1338 turba
699 1271 732 1338 et
749 1262 840 1336 inira
858 1269 1002 1352 patens
1020 1283 1083 1353 pro
1102 1264 1311 1353 praedicatis
1326 1265 1580 1354 coniungemus,

317 1407 380 1460 neo
408 1388 476 1458 iam
503 1387 752 1478 significabitur
778 1373 926 1460 Bouillas
954 1387 1129 1477 Propertii
1152 1393 1265 1460 aetate
1284 1407 1350 1459 nou
1369 1388 1489 1479 fuisse,
1519 1409 1581 1464 nec

320 1508 447 1582 Gabios
465 1512 647 1583 maximam
666 1513 802 1583 turbam
822 1513 939 1584 vocari
956 1513 1156 1602 mirabitur,
1188 1513 1246 1602 qui
1273 1511 1445 1584 civitatem
1473 1514 1581 1586 multo

266 1645 268 1650 '
318 1635 427 1724 magis
447 1635 577 1707 civibus
597 1657 696 1726 quam
718 1638 896 1708 moenibus
920 1644 955 1707 et
978 1637 1169 1725 perietibus
1194 1637 1356 1708 contineri
1377 1639 1580 1710 meminerit.

318 1758 512 1848 Superlatio
532 1780 614 1831 vero
632 1761 706 1850 illa,
727 1781 793 1850 qua
812 1761 1007 1849 posteriora
1024 1759 1132 1832 Urbis
1151 1761 1364 1831 incrementa
1382 1762 1581 1832 indicabun-

319 1888 389 1970 tur,
405 1884 439 1952 in
458 1890 581 1972 poetae
601 1904 758 1954 sermone
778 1885 836 1974 qui
851 1904 929 1955 raro
949 1884 1012 1954 hac
1032 1881 1144 1972 figura
1164 1890 1259 1953 caret
1279 1883 1361 1952 nihil
1382 1886 1503 1956 merito
1523 1890 1583 1955 aut

319 2007 596 2096 reprehensionis
615 2013 675 2080 aut
693 2007 927 2080 admirationis
946 2008 1096 2080 habebit.
1144 2006 1254 2080 Venio
1278 2007 1322 2080 ad
1346 2006 1463 2098 Gabi,
1493 2009 1583 2100 quod

320 2131 403 2202 satis
423 2150 463 2201 eo
483 2132 558 2220 ipso
579 2130 835 2203 Crustumeri
854 2131 1064 2218 defenditur,
1086 2133 1176 2220 quod
1196 2152 1238 2203 ex
1257 2131 1409 2221 Vergilio
1428 2133 1582 2204 Eschen·

319 2254 463 2342 burgius
487 2252 602 2343 uffert3
632 2255 722 2344 quod
751 2257 780 2326 si
807 2256 1029 2344 necessitate,
1058 2261 1098 2326 ut
1126 2257 1190 2346 ait,
1218 2257 1365 2327 metrica
1388 2262 1580 2345 excusatur,
1616 2323 1619 2328 .

320 2379 375 2450 hio
397 2386 489 2450 certe
509 2379 733 2450 commoditas
753 2381 934 2468 quaedam,
958 2387 997 2449 ut
1015 2379 1064 2449 ita
1082 2379 1209 2469 dicam,
1236 2382 1382 2451 metrica
1400 2401 1463 2470 pro
1482 2401 1583 2452 exou-

320 2502 450 2574 satioue
468 2505 594 2594 poterit
609 2503 777 2575 adhiberi.
799 2503 867 2574 Sed
881 2504 1047 2578 accedunt
1062 2502 1191 2574 similes
1204 2505 1458 2577 contractiones
1474 2525 1584 2595 neque

321 2646 437 2697 omues
456 2648 499 2696 er
517 2625 802 2714 inscriptionibus
823 2632 1001 2714 promptae
1020 2646 1084 2696 nec
1104 2612 1234 2715 tamen,
1265 2626 1293 2695 si
1322 2647 1363 2697 ex
1391 2628 1584 2719 inscriptio·

320 2749 419 2820 nibus
437 2756 623 2840 propterea
642 2750 857 2819 reiiciendae.
906 2749 941 2819 Si
969 2750 1058 2820 enim
1086 2750 1120 2818 iu
1150 2749 1225 2820 aliis
1253 2749 1358 2820 rebus
1385 2752 1584 2823 lautumiis

320 2857 518 2961 tribuimus,
538 2879 577 2942 ut
596 2872 640 2942 ad
659 2891 777 2942 earum
793 2874 985 2962 exemplum
1004 2873 1224 2945 scribendum
1243 2893 1318 2942 esse
1338 2874 1583 2964 existimemus,

319 2994 405 3064 nihil
423 3014 503 3065 saue
523 3001 575 3065 est
594 3015 656 3066 cur
676 2996 740 3067 hac
759 2996 794 3066 in
813 3015 851 3066 re
871 3014 1003 3064 omnem
1023 2996 1064 3066 iis
1084 2995 1326 3066 auctoritatem
1351 2995 1582 3068 detrahamus,

318 3116 457 3188 Profert
485 3124 600 3189 autem
628 3116 827 3189 Gorssenios
858 3115 989 3206 (Ueber
1008 3117 1246 3205 Ausspraehe,
1275 3115 1493 3188 Vocalismus
1515 3117 1584 3189 und

216 3301 221 3310 ,
321 3241 504 3334 Betouung
532 3245 594 3315 der
621 3243 845 3318 lateinisches
878 3241 1040 3332 Sprache.
1088 3239 1232 3332 Leipzig
1268 3241 1379 3314 1859.
1417 3250 1498 3313 tom.
1537 3241 1582 3332 II,
1642 3220 1645 3227 ⁵

320 3387 399 3456 pag.
424 3368 522 3455 163.)
552 3367 622 3456 ali,
651 3367 786 3438 Neuius
814 3364 1074 3456 (Formenlehre
1093 3363 1156 3435 der
1174 3365 1401 3436 lateinisches
1420 3364 1583 3454 Sprache.

321 3487 494 3576 Stuttgart
524 3493 635 3560 1865.
670 3497 753 3559 tom.
783 3490 811 3558 l.
841 3508 919 3576 pag.
953 3487 1029 3578 98.)
1056 3485 1153 3557 ilovi
1190 3485 1300 3578 (Seut.
1334 3489 1464 3562 Minue.
1498 3493 1582 3560 199.

322 3633 370 3685 vs.
401 3613 493 3702 23.);
532 3612 595 3683 fili
633 3613 678 3702 (J.
707 3613 748 3682 R.
777 3611 886 3700 Neap.
920 3614 1031 3682 1342.
1060 3613 1172 3682 1520.
1198 3615 1583 3686 1634.1695.2727.

187 3711 190 3716 ’
323 3741 436 3810 sees.
465 3739 577 3808 usas.
606 3738 718 3807 eleo.
742 3737 887 3824 cornu
926 3734 1103 3824 Aegypti
1141 3733 1240 3825 (seat.
1272 3736 1380 3808 rheu.
1413 3741 1447 3826 a,
1470 3736 1582 3828 aar),

322 3861 413 3951 quod
433 3860 499 3931 etsi
518 3859 664 3931 fortasse
684 3860 766 3930 dicit
785 3860 828 3930 ad
848 3859 1042 3948 exemplum
1060 3858 1299 3931 nonnullorum
1324 3861 1585 3933 Homericorum

320 3985 472 4055 locorum
506 3983 549 4055 ad
577 3984 769 4074 Aegyptii
796 3983 908 4054 media
937 3981 1068 4072 syllaba
1097 3993 1261 4076 correpta
1287 4004 1389 4077 posse
1417 3984 1585 4073 revocari,

321 4109 406 4185 haec
429 4111 543 4178 tamen
564 4107 738 4197 correptio
757 4107 861 4177 umbe
881 4105 1014 4176 Latinis
1033 4107 1201 4196 exemplis
1221 4106 1460 4194 confirmatum
1489 4108 1585 4178 deni-

322 4253 387 4323 que
407 4231 523 4322 Fabi,
554 4233 646 4321 quod
673 4233 708 4302 in
736 4232 851 4303 codice
880 4231 1033 4302 Puteano
1063 4238 1116 4300 est
1134 4231 1224 4318 apud
1243 4231 1377 4301 Livium
1397 4231 1444 4320 Il,
1466 4235 1527 4321 46,
1549 4236 1583 4303 7.

323 4359 384 4446 49,
407 4358 440 4426 9.
464 4358 524 4446 50,
548 4359 581 4426 h.
612 4362 715 4446 atque
744 4357 823 4427 inde
849 4365 942 4427 certe
961 4354 1133 4444 prioribus
1153 4353 1288 4425 duobus
1306 4355 1393 4426 locis
1412 4363 1584 4446 receptum

324 4492 379 4552 est
397 4501 417 4551 a
436 4481 726 4554 Weissenbornio.
761 4482 917 4571 Itemque
936 4480 1036 4551 Deci
1064 4499 1106 4550 ex
1131 4477 1273 4549 Manilio
1297 4477 1398 4550 affert
1415 4479 1588 4552 Lucienus

321 4602 509 4676 Muellerus
528 4607 564 4676 in
584 4606 673 4679 libro
692 4607 734 4678 de
754 4626 792 4677 re
811 4605 967 4678 metrica.
988 4603 1113 4676 Restat
1132 4603 1219 4674 alter
1237 4609 1466 4695 pentameter,
1486 4611 1525 4677 ot
1543 4605 1585 4678 de

320 4727 477 4800 omnibus
495 4727 752 4819 Eschenburgii
771 4728 986 4819 argumentis
1006 4725 1136 4798 dictum
1156 4725 1211 4796 sit.
1246 4723 1313 4798 Ubi
1333 4727 1425 4818 quod
1444 4727 1586 4800 offendit
