3600 5594
878 417 927 485 .’.
959 437 1005 503 72
1039 467 1089 484 ,.

569 639 714 712 Horruit
732 641 858 732 algenti
877 645 1019 735 pergula
1038 651 1135 716 curta
1154 643 1229 714 loco
1244 679 1289 696 -·

357 823 393 894 in
417 826 510 898 illius
534 831 645 904 locum
671 835 849 912 transfert.
875 837 961 908 Nam
987 858 1074 926 quae
1097 838 1156 906 illo
1179 857 1281 906 versu
1305 835 1522 924 significetur
1542 858 1619 910 ma·

359 951 430 1020 cles
448 972 524 1022 cum
545 976 607 1027 nec
625 957 800 1049 Propertii
820 981 885 1030 nec
905 961 1039 1049 puellae
1057 961 1169 1048 possit
1182 979 1257 1030 esse
1276 959 1373 1030 lenae
1392 967 1431 1030 ut
1450 959 1497 1030 sit
1514 961 1618 1030 relin-

360 1074 416 1162 qui
437 1081 472 1144 et
490 1082 669 1152 convenire
693 1082 726 1152 in
753 1083 902 1153 subitam
930 1084 1006 1153 eius
1025 1093 1175 1153 mortem
1201 1102 1288 1172 quae
1311 1081 1457 1152 Veneris
1481 1083 1617 1152 numine

360 1196 546 1287 effolatum
566 1211 723 1276 mortuae
742 1227 848 1294 porro
869 1208 1020 1295 speciem
1040 1205 1188 1278 describi
1206 1227 1271 1276 non
1296 1227 1411 1294 posse,
1437 1207 1501 1276 nisi
1520 1207 1616 1294 prius

360 1342 435 1393 esse
454 1333 625 1397 mortuam
644 1342 870 1400 memoratum
890 1332 955 1400 sit:
986 1351 1068 1419 ergo
1093 1329 1184 1400 illinc
1208 1350 1345 1399 versum
1369 1351 1446 1399 eum
1471 1350 1545 1400 esse
1565 1351 1620 1400 re-

360 1448 575 1518 movendum.
607 1451 741 1522 Rursus
760 1460 839 1543 post
866 1463 1088 1524 memoratam
1113 1454 1209 1524 lenae
1234 1459 1377 1524 mortem
1401 1474 1539 1524 versum
1560 1456 1621 1524 70.

362 1571 456 1642 nulla
479 1577 668 1646 sententiae
686 1576 939 1648 necessitudine
960 1598 1036 1648 cum
1056 1576 1221 1665 proximis
1241 1597 1316 1648 esse
1335 1577 1566 1668 coniunctum,
1584 1583 1619 1648 at

363 1697 528 1786 egestatis
553 1700 668 1768 statim
692 1707 772 1790 post
794 1700 988 1772 divitiarum
1014 1702 1166 1771 studium
1188 1700 1322 1787 puellae
1348 1701 1620 1772 commendatum

363 1832 441 1910 apte
460 1818 534 1890 fieri
551 1825 774 1894 mentionem:
799 1845 874 1894 esse
897 1825 1005 1913 igitur
1028 1824 1121 1894 locos
1144 1825 1266 1894 horum
1293 1844 1454 1894 versuum
1473 1826 1566 1894 inter
1585 1844 1621 1894 se

365 1946 636 2016 commutandos.
658 1947 696 2017 In
715 1969 783 2036 qua
801 1948 1094 2038 argumentatione
1113 1953 1246 2017 tantum
1268 1945 1369 2024 facile
1388 1947 1620 2036 concedimus

363 2069 507 2141 maciem
527 2090 589 2140 nec
608 2071 743 2158 puellae
767 2092 843 2140 esse
873 2091 935 2140 nec
957 2070 1148 2158 Propertii3
1178 2090 1279 2158 quam
1304 2091 1376 2139 rem
1402 2091 1480 2140 cum
1500 2070 1623 2142 multos

363 2190 570 2282 interpretes
591 2202 663 2263 tum
684 2194 951 2282 Hertzbergium
970 2191 1132 2264 fefellisse
1154 2195 1373 2264 vehementer
1396 2195 1515 2264 miror.
1538 2192 1621 2265 Ubi-

365 2337 499 2407 cunque
518 2319 607 2387 enim
627 2319 816 2388 amantium
835 2318 962 2388 macies
981 2322 1190 2387 memoratur
1204 2356 1250 2370 -
1268 2325 1303 2386 et
1322 2328 1533 2388 memoratur
1551 2338 1625 2388 cre·

365 2439 516 2512 berrime
536 2441 651 2511 -ibi
676 2447 748 2530 aut,
775 2448 814 2510 ut
831 2441 1103 2512 Luettiohannes
1126 2445 1220 2510 recte
1246 2439 1424 2526 admonet,
1450 2461 1573 2510 ecura
1591 2447 1624 2510 et

366 2565 536 2635 desiderio
566 2571 627 2635 aut
652 2586 674 2637 a
702 2562 872 2634 veneficiis
900 2570 961 2634 aut
987 2586 1008 2633 a
1035 2564 1143 2634 multo
1172 2563 1319 2634 Veneris
1346 2584 1408 2634 usn
1438 2563 1621 2652 proficisci·

366 2687 482 2775 tur*)‚
516 2708 605 2776 quae
628 2688 670 2758 ab
695 2687 857 2757 hocloco
882 2688 996 2756 omnia
1022 2687 1133 2758 aliena
1157 2693 1256 2756 sunt:
1286 2687 1483 2775 repentinus
1511 2696 1625 2780 terror¹

368 2821 405 2880 et
422 2821 534 2879 metus
552 2810 683 2898 pallore
701 2831 766 2878 non
790 2811 898 2880 macie
921 2810 1085 2880 cernitur.
1117 2810 1340 2880 Anicularum
1364 2819 1476 2882 antem
1501 2811 1627 2882 macies

368 2953 444 3002 cum
463 2932 544 3002 alibi
568 2953 669 3020 saepe
692 2932 1048 3022 commemoratur**1‚
1077 2941 1147 3001 tum
1167 2934 1201 3002 in
1221 2933 1309 3004 hanc
1327 2933 1436 3004 lenam
1457 2955 1497 3004 eo
1517 2935 1627 3022 magis

368 3058 541 3144 convenit,
571 3056 663 3146 quod
681 3078 760 3126 mox
778 3058 865 3128 tussi
889 3058 1047 3146 moritur,
1077 3064 1116 3127 ut
1134 3057 1273 3128 eaedem
1299 3077 1355 3127 res
1374 3057 1473 3145 duae,
1504 3059 1628 3130 mades

369 3185 405 3250 et
422 3181 539 3270 tussis,
560 3181 761 3252 coniunctae
780 3188 860 3252 sunt
876 3181 912 3251 in
931 3181 1115 3270 Antholog.
1137 3181 1212 3252 Lat.
1235 3180 1386 3270 (Meieri)
1410 3185 1520 3252 1631.

369 3383 683 3396 ——n—-n—

422 3513 446 3581 *)
464 3515 502 3570 Ut
520 3506 606 3583 pauca
623 3513 656 3568 de
673 3514 765 3568 multis
790 3513 947 3582 afferamus,
967 3531 983 3568 a
1006 3513 1158 3568 desiderio:
1177 3512 1258 3581 Prop.
1277 3511 1325 3580 IV,
1345 3517 1368 3580 3,
1383 3517 1426 3568 27.
1445 3531 1466 3569 s.
1481 3513 1590 3570 Diceris
1605 3523 1633 3570 et

372 3605 459 3658 macie
473 3605 576 3657 vultum
591 3613 726 3673 tenuasse,
740 3603 786 3658 sed
811 3612 874 3671 opto
888 3605 913 3657 Ε
926 3601 1063 3657 desiderio
1087 3602 1122 3655 sit
1137 3602 1213 3655 color
1230 3603 1283 3656 iste
1298 3619 1366 3657 meo.
1381 3603 1402 3669 1,
1418 3605 1443 3669 5,
1458 3607 1500 3659 21.
1514 3604 1570 3657 Aut
1583 3621 1633 3658 cue

373 3693 423 3746 sim
436 3699 494 3745 toto
508 3709 622 3759 corpore
632 3694 725 3748 nullus
739 3709 796 3760 ego.
812 3693 833 3760 1,
843 3695 868 3760 9,
879 3696 921 3748 29.
937 3691 990 3758 Qui
1005 3707 1060 3743 non
1074 3696 1134 3744 aute
1149 3697 1233 3758 patet,
1247 3691 1332 3746 donoc
1346 3707 1442 3746 manus
1457 3692 1549 3760 attigit
1561 3708 1632 3748 ossa.

371 3781 407 3839 ΙΙ,
425 3782 604 3848 11,1‘1.Quid
628 3782 678 3834 tibi
698 3781 846 3835 iucundum
865 3788 907 3834 est
925 3781 1006 3834 siccis
1026 3779 1151 3832 habitare
1169 3778 1314 3833 medullis!
1335 3778 1413 3834 Ovid.
1427 3779 1493 3835 ller.
1507 3781 1557 3847 ΙΙΙ,
1574 3786 1631 3836 141.

372 3870 462 3938 thue
480 3869 557 3937 lacis,
575 3885 672 3937 coges3
691 3870 759 3923 abiit
778 3884 932 3938 corpusque
952 3869 1088 3935 colorque.
1103 3868 1151 3936 XI,
1166 3870 1207 3922 21.
1224 3867 1343 3936 fugerat
1362 3884 1408 3921 ore
1422 3869 1513 3922 color:
1533 3869 1632 3924 macies

372 3957 522 4011 adduxerat
536 3963 611 4010 artus
628 3987 656 3998 —
673 3958 782 4012 Metam.
797 3957 847 4020 III,
861 3959 921 4010 396.
941 3971 962 4008 s.
977 3956 1129 4008 Attenuant
1146 3955 1244 4023 vigiles
1263 3971 1360 4022 corpus
1379 3955 1535 4013 miserabile
1551 3972 1632 4010 curae

372 4045 543 4112 Adducitque
566 4051 654 4100 eutem
679 4047 780 4100 macies
803 4051 830 4099 et
852 4045 880 4097 in
904 4059 969 4097 aera
991 4060 1085 4098 succus
1101 4045 1194 4099 Omnis
1214 4045 1282 4110 abit;
1298 4073 1327 4083 -
1345 4059 1361 4096 a
1381 4044 1521 4099 veneficiis
1535 4046 1632 4100 Horat.

373 4132 459 4201 Epod.
474 4133 561 4201 XVII,
575 4138 617 4187 21.
632 4149 653 4188 s.
668 4133 750 4201 Fugit
765 4135 891 4188 iuventus
906 4139 934 4186 et
949 4132 1119 4186 verecundus
1139 4133 1214 4185 color
1229 4131 1352 4198 Reliquit
1370 4147 1432 4186 ossa
1446 4133 1520 4200 pelle
1535 4134 1633 4188 amicta

372 4221 476 4288 lurida;
500 4221 564 4276 Tuis
583 4223 700 4289 capillus
723 4223 801 4276 albus
824 4229 866 4275 est
887 4220 1033 4287 odoribus;
1054 4237 1121 4274 --a
1144 4235 1173 4274 re
1197 4235 1316 4274 venerea
1334 4220 1416 4288 Prop.
1435 4223 1471 4286 ΙΙ,
1491 4226 1534 4290 22,
1553 4227 1595 4276 21.
1610 4237 1633 4276 s.

372 4311 426 4367 Sed
441 4312 489 4365 tibi
504 4311 527 4365 si
541 4311 626 4364 exiles
640 4309 733 4364 videor
748 4317 875 4364 tenuatus
889 4311 1012 4373 marcus,
1026 4309 1160 4362 Falleris:
1175 4307 1248 4361 haud
1263 4323 1382 4375 unquam
1397 4315 1439 4364 ost
1453 4311 1529 4364 culta
1539 4311 1633 4365 labore

372 4403 474 4454 Venus.
489 4399 588 4454 Catuli.
604 4398 700 4454 LVIII.
716 4398 822 4453 Gellius
836 4405 878 4452 est
892 4398 988 4452 tenuis.
1004 4397 1124 4464 Quidni?
1138 4397 1181 4448 cui
1196 4402 1249 4449 tarn
1264 4396 1336 4451 bona
1352 4405 1438 4452 mater
1452 4397 1572 4467 Tamque
1586 4415 1634 4453 va·

373 4489 434 4542 lens
448 4475 520 4542 visat
533 4494 641 4555 tamque
655 4491 771 4543 uenuste
784 4501 905 4539 soror-
917 4486 967 4553 Qui
982 4493 1011 4538 ut
1025 4485 1095 4537 nihil
1111 4485 1229 4552 attingat
1243 4483 1295 4538 nisi
1309 4485 1379 4551 qnod
1392 4485 1434 4540 las
1448 4493 1563 4556 tangere
1578 4503 1635 4540 non

374 4582 417 4631 est
431 4575 605 4642 Quantumvis
619 4591 703 4643 quare
717 4575 753 4629 sit
766 4589 857 4627 macer
878 4572 1012 4627 iuvenies.
1031 4571 1108 4627 Ouid.
1125 4572 1185 4624 Am.
1200 4571 1220 4636 Ι,
1235 4575 1260 4638 6,
1275 4575 1298 4626 5.
1316 4571 1427 4641 Longus
1445 4589 1520 4628 amor
1534 4591 1633 4642 corpus

268 4703 270 4708 -
373 4665 445 4719 tales
459 4665 581 4718 tenuavit
593 4665 622 4718 in
636 4679 701 4718 usus
716 4666 842 4730 Aptaque
857 4659 989 4717 subducto
1003 4675 1117 4726 corpore
1132 4660 1252 4714 membra
1266 4659 1351 4715 dedit.

428 4750 470 4820 **)
484 4752 537 4806 un.
551 4754 653 4808 Lucan.
668 4752 763 4808 Phara.
778 4751 826 4820 Vl,
838 4753 899 4806 512.
913 4766 934 4806 e.
951 4779 982 4790 -
997 4754 1072 4803 tenet
1092 4763 1140 4803 ora
1153 4733 1283 4816 profanae
1293 4747 1459 4819 (Erichthus)
1472 4747 1566 4838 Fogda
1579 4749 1634 4804 situ
