3600 5594
870 515 1078 582 ..70-

350 725 533 810 habemns‚
563 723 620 810 qui
648 725 792 812 primum
812 725 946 795 librum
974 723 1136 812 eligendis
1164 731 1199 792 et
1227 720 1422 810 capiendis,
1451 721 1597 792 alterum

348 848 501 917 tenendis
520 847 640 936 puellis
659 849 791 919 tribuit.
813 847 878 936 Qui
897 848 982 917 ordo
1001 867 1061 916 cur
1079 847 1134 916 hic
1153 851 1306 948 mutetur
1319 843 1418 916 facile
1433 844 1597 933 intelligi·

348 977 416 1040 tur.
447 969 492 1041 Ut
520 972 607 1040 enirn
637 985 745 1040 artem
776 972 976 1060 exponentis
1005 976 1058 1040 est
1088 969 1131 1040 ab
1160 990 1200 1040 eo
1229 970 1319 1058 quod
1348 969 1494 1058 primum
1522 968 1594 1037 fieri

349 1101 484 1181 oportet
506 1095 670 1182 incipere,
698 1096 748 1165 ita
770 1097 801 1165 ei
824 1095 956 1184 puellae
985 1115 1072 1182 qnae
1095 1095 1162 1164 iam
1191 1096 1301 1163 ntitur
1324 1102 1478 1164 amatore
1501 1097 1596 1162 recte

347 1217 442 1304 prius
468 1219 678 1305 praecipitur
705 1219 873 1308 quomodo
903 1225 1056 1288 amatore
1085 1222 1246 1286 utendum
1277 1218 1333 1308 sit,
1363 1217 1483 1288 deinde
1512 1237 1596 1306 qnos

347 1361 449 1410 novos
468 1349 637 1412 amatores
656 1343 731 1430 oapi
751 1350 916 1430 oporteat.
940 1341 1071 1412 Versus
1093 1344 1151 1411 55.
1173 1347 1209 1410 et
1230 1342 1298 1410 56:

554 1532 640 1620 Quid
659 1535 753 1605 iuvat
773 1544 893 1606 ornato
914 1535 1112 1624 procedere,
1132 1533 1214 1622 v'ita,
1234 1533 1355 1621 capillo

605 1659 651 1728 Et
669 1665 788 1729 tennes
808 1657 880 1754 Coa
899 1674 992 1729 veste
1011 1679 1148 1728 movere
1167 1657 1261 1728 sinus
1276 1695 1319 1707 —

346 1848 404 1937 qni
424 1871 463 1919 ex
481 1850 579 1920 initio
600 1851 627 1936 l,
650 1855 682 1922 2.
703 1853 840 1940 repetiti
864 1859 955 1940 sunt,
981 1860 1018 1921 ut
1042 1851 1310 1938 abachmanna
1337 1852 1385 1922 ita
1403 1873 1422 1923 a
1442 1849 1595 1946 Lnettio·
1683 1861 1687 1866 '

345 1976 455 2046 hanne
475 1979 689 2065 omittuntur,
712 1979 947 2068 summeium,
974 1984 1011 2048 ut
1029 1978 1126 2048 nobis
1146 1977 1293 2046 videtur.
1324 1977 1414 2046 Satis
1435 1976 1524 2044 enim
1545 1983 1596 2044 est

346 2101 528 2170 verisimile
548 2121 617 2190 eos,
639 2123 715 2172 cnm
735 2103 813 2173 olim
833 2103 866 2171 in
886 2101 1039 2190 margine
1060 2101 1133 2170 eius
1153 2121 1193 2170 ex
1212 2121 1277 2189 quo
1296 2101 1406 2170 nostri
1425 2097 1607 2166 finxerunt-

345 2223 471 2293 codicis
500 2226 608 2294 notati
636 2232 760 2314 essent,
784 2231 904 2312 postea
936 2225 969 2293 in
994 2224 1271 2293 transscribendo
1300 2223 1365 2309 ipsi
1390 2222 1516 2312 elegiae
1543 2221 1594 2288 in-

344 2353 454 2416 sertos
469 2368 554 2417 esse.
572 2351 619 2418 At
633 2348 847 2418 dissentimus
857 2369 976 2417 rursus
987 2369 1007 2417 a
1017 2346 1268 2417 Lnettiohanne
1280 2347 1320 2416 de
1333 2367 1399 2416 vss.
1415 2351 1462 2416 59
1472 2347 1594 2412 -62ι

499 2560 586 2630 Dum
608 2567 730 2630 vernat
749 2561 898 2648 sangnis,
919 2560 998 2630 dum
1019 2559 1115 2646 rugis
1135 2559 1269 2648 integer
1286 2579 1406 2647 annus,

551 2682 668 2771 Utere,
691 2705 732 2752 ne
752 2685 833 2772 quid
852 2703 929 2754 cras
949 2683 1033 2752 libet
1053 2683 1095 2752 ab
1115 2703 1173 2750 ore
1193 2682 1275 2751 dies.
1362 2733 1370 2754 a

500 2805 580 2875 Vidi
600 2827 663 2894 ego
683 2806 817 2876 odorati
836 2809 967 2876 victura
985 2805 1119 2875 rosaria
1137 2806 1251 2876 Paesti

552 2929 621 3000 Sub
641 2931 809 3000 matutino
829 2939 924 3000 cocta
942 2930 1056 2999 iacere
1075 2927 1181 3015 Noto;
1203 2970 1252 2981 —

343 3142 427 3210 qnos
446 3123 503 3192 ille
520 3124 598 3193 ideo
615 3123 691 3194 loco
712 3132 833 3210 movet,
856 3124 947 3213 quod
966 3144 1129 3194 versuum
1148 3145 1233 3213 quos
1253 3124 1369 3212 sperni
1392 3125 1595 3214 Propertius

342 3248 485 3316 maxime
509 3247 706 3336 indignetur
728 3249 849 3318 ultimo
873 3248 948 3318 loco
971 3249 1178 3318 mentionem
1200 3247 1288 3332 fieri,
1317 3249 1360 3318 ad
1382 3250 1592 3322 inventutem

341 3369 500 3439 utendam
530 3391 618 3458 qnae
646 3373 847 3459 gravissima
880 3374 925 3442 sit
955 3372 1150 3442 adhortatio
1179 3373 1305 3459 impelli
1332 3373 1480 3461 puellam
1512 3382 1592 3445 ante

339 3501 476 3564 caetera
501 3501 688 3582 praecepta
716 3501 884 3584 oporteat,
916 3517 992 3566 curn
1020 3495 1224 3583 praesertim
1250 3516 1291 3565 ea
1318 3499 1488 3568 sententia
1516 3519 1592 3568 cnm

339 3634 390 3684 ve.
413 3618 473 3686 28.
498 3616 645 3705 (Frange
674 3623 709 3686 et
736 3617 917 3720 damnosae
944 3619 1020 3686 iura
1046 3616 1244 3704 pudicitiae)
1272 3617 1467 3689 cohaereat.
1497 3619 1592 3690 Haeo

266 3831 268 3834 ι
341 3741 509 3809 sententia
527 3741 719 3810 confirmari
742 3741 878 3811 videtur
899 3739 1012 3811 Ovidii
1033 3741 1128 3809 Artis
1147 3741 1344 3812 Amatoriae
1364 3741 1591 3832 librotertio,

340 3862 374 3931 in
399 3885 464 3952 quo
487 3865 606 3934 similis
630 3862 823 3935 adhortatio
849 3865 937 3933 omni
962 3864 1194 3951 praeceptioni
1226 3865 1472 3953 praemittitur,
1498 3865 1589 3936 eins·

341 3986 485 4074 demque
508 3979 584 4058 Am.
606 3990 633 4076 Ι,
659 3990 693 4058 8.
713 3989 771 4074 ubi
799 3995 893 4058 certe
920 4007 1093 4074 perpauca
1120 3992 1198 4056 ante
1224 3987 1491 4074 praecipiuntur.
1522 3986 1590 4058 Sed

339 4129 519 4180 caveamus
541 4132 583 4180 ne
606 4131 645 4180 ea
668 4112 781 4200 specie
804 4109 976 4180 fallamur.
1006 4107 1041 4179 si
1067 4114 1157 4180 enim
1180 4131 1298 4179 verum
1321 4113 1531 4200 quaerimus,
1556 4111 1591 4180 in

340 4233 505 4307 Ovidiana
532 4234 641 4323 elegia
667 4236 783 4304 eadem
811 4234 1006 4304 adhortatio
1032 4235 1067 4303 in
1099 4233 1200 4304 simili
1228 4231 1474 4303 sententiarum
1501 4235 1589 4304 serie

338 4359 451 4448 posita
478 4345 531 4428 est
558 4365 661 4446 atque
688 4359 721 4427 in
749 4358 984 4446 Propertiana.
1012 4357 1184 4446 Dirigitur
1212 4356 1301 4426 enim
1329 4355 1373 4426 ad
1406 4368 1588 4446 quaestum

340 4504 407 4553 uss.
431 4486 490 4554 53.
510 4503 556 4552 ss.

442 4675 579 4766 Forma,
598 4676 663 4746 nisi
682 4675 855 4764 admittas,
874 4675 967 4746 nullo
987 4679 1165 4744 exercente
1185 4677 1353 4747 senescit:

492 4799 563 4870 Nec
584 4800 669 4871 satis
688 4799 826 4872 effectus
846 4819 930 4870 nnus
945 4803 979 4868 et
997 4797 1087 4867 alter
1104 4795 1241 4869 hebent.
