3600 5594
867 471 1075 539 ...34--

342 665 409 737 Sed
424 689 488 741 cur
501 673 686 748 haereatur
704 679 740 748 in
759 699 856 770 uage
874 701 937 752 nos
954 687 1073 769 aperte
1092 677 1292 768 profitemur
1305 679 1406 768 plane
1418 697 1487 748 nnn
1501 676 1603 748 intel·

340 793 459 882 ligere.
481 797 618 890 Vagus
637 803 727 873 enim
746 805 943 894 appellatur
961 807 1002 882 is,
1021 805 1079 893 qui
1098 803 1223 874 tinibus
1241 802 1413 892 aliquibus
1432 823 1500 872 non
1520 821 1602 872 con·

340 919 489 1013 tinetur,
511 925 573 996 sed
590 946 650 998 eos
666 929 802 999 transit.
840 930 893 1001 Ac
915 930 1052 1020 proprie
1077 927 1215 1018 quidem
1240 928 1411 1016 accipitur
1435 925 1602 1012 localiter,

341 1042 433 1113 velut
449 1044 526 1134 ipse
545 1048 747 1140 Propertius
762 1053 823 1142 lll,
842 1058 902 1142 ll,
919 1058 979 1125 51.
1000 1073 1098 1142 unga
1116 1052 1201 1124 dicit
1218 1051 1389 1123 flumina
1406 1051 1502 1140 Nili,
1522 1052 1604 1137 quio

341 1189 407 1240 non
426 1168 559 1244 directa
576 1175 668 1245 linea
686 1177 915 1265 continentur,
936 1178 996 1248 sed
1014 1175 1123 1247 flexus
1141 1184 1275 1248 suaset
1292 1175 1444 1246 ambitus
1462 1173 1603 1259 habent,

342 1292 422 1381 etl,
445 1297 507 1382 20,
531 1301 590 1369 10.
610 1319 734 1388 vagum
753 1299 900 1372 fluminis
918 1301 1114 1391 hospitium,
1133 1307 1195 1370 aut
1213 1307 1252 1370 ut
1272 1300 1439 1370 Horatius
1457 1305 1604 1388 propter

342 1418 466 1490 itinera
489 1426 525 1491 et
547 1421 732 1494 Herculem
757 1422 807 1513 (C.
832 1425 895 1512 III,
923 1428 957 1508 3,
979 1425 1028 1510 9.)
1051 1432 1087 1494 et
1109 1425 1147 1494 lo
1170 1424 1249 1515 (Ep.
1275 1424 1317 1494 ad
1342 1424 1413 1494 Pis.
1446 1423 1544 1507 124.)
1566 1431 1602 1492 et

343 1549 571 1616 mercatorem
590 1547 649 1635 (ib.
670 1547 770 1637 117.)
788 1569 912 1637 vagum
932 1548 1096 1637 appellat;
1116 1549 1179 1619 sed
1197 1545 1405 1618 transfertur
1421 1546 1464 1618 ad
1476 1546 1602 1617 multas

342 1689 414 1757 rea,
433 1687 495 1738 nec
515 1691 652 1760 semper
670 1679 790 1760 aperte
809 1673 1007 1742 declaratur
1029 1673 1087 1762 qui
1111 1671 1197 1743 fines
1220 1681 1441 1742 transeantur
1458 1679 1498 1742 ιιι
1516 1671 1602 1741 Hor.

343 1791 416 1862 Sat.
439 1792 484 1877 ll,
515 1797 549 1880 7,
576 1798 636 1866 74.
665 1795 750 1883 (Iam
769 1816 855 1884 vaga
881 1797 1039 1885 prosiliet
1064 1794 1173 1865 frenis
1200 1807 1324 1866 natura
1357 1796 1514 1882 remotis)
1541 1806 1602 1864 aut

343 1916 408 2007 Ep.
429 1917 457 2003 Ι,
480 1919 539 2005 15,
562 1923 622 1989 28.
644 1918 786 2009 (Scurra
804 1941 911 2009 vagus
929 1941 996 1990 non
1019 1921 1079 2008 qni
1101 1925 1235 1990 certum
1255 1940 1421 2007 praesepe
1439 1920 1601 2006 teneret),

343 2039 404 2110 sed
423 2059 525 2128 saepe
544 2042 664 2112 bosut
682 2063 723 2112 ex
742 2044 832 2113 serie
851 2043 1042 2131 copulaque
1061 2063 1176 2114 rerum
1194 2043 1389 2131 intelligant
1406 2042 1602 2132 legentibus

343 2163 560 2253 relinquitur.
581 2165 635 2237 Sic
654 2169 727 2256 ipse
741 2166 949 2255 Propertius
963 2165 992 2254 I,
1007 2172 1041 2254 5,
1054 2169 1088 2237 7.
1105 2166 1181 2237 Non
1199 2173 1254 2236 est
1272 2167 1341 2254 illa,
1361 2167 1483 2255 inquit,
1505 2167 1600 2254 uagis

343 2289 467 2360 similis
485 2290 612 2361 collata
629 2290 764 2381 puellis.
781 2289 857 2376 Quo
876 2290 951 2360 loco
970 2290 999 2360 si
1018 2291 1160 2362 dubium
1174 2311 1240 2361 uon
1256 2299 1311 2362 est
1330 2291 1412 2379 quin
1430 2311 1492 2360 eae
1509 2289 1602 2388 puel·

343 2416 398 2484 lae
426 2413 594 2503 dicantur,
621 2435 708 2504 quae
732 2434 798 2483 non
821 2435 920 2484 suurn
944 2434 1099 2504 quaeque
1122 2415 1232 2484 virum
1254 2423 1350 2484 certo
1369 2425 1602 2503 perpetuoque

342 2559 461 2608 amore
488 2539 749 2628 amplectantur,
779 2538 839 2608 sed
864 2537 908 2608 ab
935 2559 1004 2608 uno
1032 2536 1075 2608 ad
1107 2538 1251 2607 alterum
1278 2535 1378 2607 facile
1405 2545 1604 2610 transeant:

342 2661 425 2748 qnid
443 2662 584 2732 tandem
602 2671 655 2732 est
673 2683 735 2732 cur
758 2662 816 2732 hic
835 2682 941 2748 vagus
967 2682 1032 2730 non
1062 2661 1197 2732 dicatur
1225 2661 1431 2752 Propertius
1458 2660 1602 2750 idcirco,

343 2785 434 2876 quod
453 2805 495 2855 ex
513 2786 566 2855 sui
590 2785 675 2857 orbe
699 2785 862 2854 carminis
891 2785 1057 2854 excedat?
1086 2783 1316 2869 Contrarium,
1341 2786 1401 2855 sed
1425 2787 1459 2856 in
1484 2786 1603 2857 eodem

341 2909 491 2997 positum
508 2929 635 2998 genere
651 2915 716 2993 est,
740 2907 830 2997 quod
850 2905 995 2978 Ovidius
1019 2908 1104 2978 dicit
1127 2908 1204 2978 Am.
1225 2907 1288 2998 Ill,
1314 2913 1346 2996 1,
1370 2912 1428 2980 16.
1450 2907 1479 2980 0
1499 2931 1604 2998 argu·

341 3034 448 3104 menti
470 3033 563 3104 lente
581 3039 684 3123 poeta
702 3033 769 3102 toi!
789 3071 843 3084 -
860 3029 1116 3102 verisimiliora
1139 3031 1181 3102 de
1204 3031 1323 3102 verbis
1354 3031 1439 3102 lata
1466 3033 1605 3104 dicere

251 3194 254 3202 ·
341 3156 575 3246 proferuntur.
591 3155 678 3227 Nam
692 3177 747 3226 me
767 3156 903 3246 quidem
925 3163 1046 3243 aperte
1065 3153 1176 3226 fateor
1191 3156 1322 3226 nullum
1340 3157 1536 3246 repperisse
1554 3157 1605 3226 lo·

342 3301 419 3351 cum
437 3281 498 3352 ubi
515 3302 558 3352 ea
575 3280 680 3351 verba
699 3301 765 3350 non
784 3280 827 3350 de
850 3280 1118 3351 vaticinantibus
1141 3289 1176 3350 et
1198 3279 1303 3349 rebus
1326 3283 1481 3350 venturis
1499 3301 1603 3351 usur·

342 3413 520 3492 parentur,
544 3412 685 3492 praeter
708 3424 779 3492 eos,
802 3405 860 3473 ubi
883 3402 968 3473 lata
995 3402 1037 3471 de
1061 3409 1170 3472 morte
1194 3408 1308 3473 essent
1331 3404 1541 3493 acciprenda,
1564 3413 1605 3475 ut

342 3524 442 3598 Ouid.
466 3526 552 3597 Met.
582 3527 638 3615 XI,
669 3529 755 3596 667.
781 3523 876 3615 Ceyx
908 3531 1064 3594 mortuus
1092 3524 1145 3595 rel
1174 3524 1298 3614 Ceycis
1326 3528 1443 3616 specie
1462 3527 1604 3600 indutus

342 3649 532 3739 Morpheus
559 3649 603 3722 ad
632 3648 855 3738 Halcyonem,
885 3648 963 3736 lpse
990 3667 1067 3736 ego,
1096 3648 1219 3738 inquit,
1248 3647 1319 3719 lata
1346 3651 1411 3721 tihi
1439 3673 1607 3742 praesens

342 3793 419 3845 mea
438 3773 625 3863 naufragus
644 3772 719 3844 edo.
743 3770 954 3860 Quamquam
980 3771 1032 3840 ita
1053 3791 1119 3840 non
1147 3773 1258 3860 ipsum
1294 3774 1430 3846 dicendi
1461 3776 1605 3846 verbum
1630 3825 1636 3832 -

342 3898 402 3967 sed
421 3917 636 3988 synonymon
654 3897 850 3966 adhibetur.
875 3893 947 3964 sed
965 3899 1006 3963 ut
1022 3894 1074 3964 ita
1092 3895 1149 3982 sit,
1174 3916 1238 3965 cur
1259 3905 1370 3967 totum
1393 3901 1510 3988 potins
1529 3921 1604 3970 car-

342 4041 418 4090 men
433 4020 660 4092 dissolvamus
677 4041 780 4109 quam
797 4039 900 4088 unam
918 4037 1036 4088 vocem
1052 4019 1284 4109 emendemus,
1305 4042 1382 4090 cum
1397 4025 1606 4110 praesertim

342 4165 383 4213 ea
400 4145 596 4214 emendatio
615 4141 797 4213 admodum
816 4141 975 4230 proclivis
993 4143 1061 4213 sit?
1084 4141 1175 4230 Quid
1193 4144 1283 4214 enim
1304 4145 1459 4216 dicamus
1477 4145 1604 4235 facere,

342 4270 402 4358 qui
421 4289 536 4339 sacra
554 4267 722 4356 diesque
741 4271 843 4338 canat
862 4270 898 4334 et
917 4267 1152 4354 cognomina
1170 4268 1306 4355 prisca
1324 4267 1519 4360 locorum,
1540 4271 1606 4341 nisi

340 4393 448 4464 fastos
467 4391 637 4464 condere?
669 4392 734 4461 hoc
753 4396 866 4460 autem
886 4409 953 4479 quo
972 4391 1109 4460 nomine
1126 4389 1350 4480 appellemus,
1381 4395 1478 4481 quasi
1496 4396 1604 4484 optio-

343 4537 419 4586 nem
440 4518 538 4587 nohis
556 4515 640 4588 facit
658 4514 801 4587 Ovidius
823 4520 857 4587 in
877 4516 976 4587 initio
995 4514 1081 4583 sexti
1103 4512 1184 4583 libri
1203 4513 1399 4606 Fastorum,
1419 4519 1477 4589 ubi
1497 4518 1540 4588 de
1558 4520 1603 4588 si·

341 4641 414 4710 mili
432 4640 520 4710 libro
539 4663 588 4711 vs.
612 4645 645 4712 3.
665 4645 776 4712 lacta
793 4662 943 4728 canam,
962 4637 1086 4725 inquit,
1099 4657 1148 4706 vs,
1162 4640 1197 4709 8.
1213 4657 1331 4708 sacra
1348 4661 1457 4730 cano,
1476 4663 1526 4712 vs.
1541 4647 1601 4711 24.

342 4763 427 4835 Cum
446 4765 578 4854 placuit
602 4767 752 4835 numeris
776 4767 921 4837 condere
945 4761 1052 4832 festa
1073 4760 1154 4829 tuis.
1184 4760 1236 4831 Ex
1260 4763 1385 4852 quibus
1409 4775 1521 4836 tamen
1540 4767 1604 4835 mi·
