3600 5594
857 471 1064 539 „46-

330 690 383 753 est
403 690 441 753 ut
459 682 614 772 superari
634 703 700 752 non
719 681 841 770 possit.
871 678 992 751 Omnis
1014 700 1117 751 causa
1141 681 1253 769 posita
1280 689 1334 752 est
1361 681 1395 750 in
1414 687 1510 752 recte
1529 703 1587 752 ex-

328 807 496 895 plicandis
514 806 582 876 illis
600 805 776 896 pretium
795 804 932 876 fecere
951 804 1069 875 Deos.
1091 802 1186 891 Quae
1205 826 1272 894 qua
1287 806 1318 876 vi
1340 804 1500 876 dicautur
1517 826 1590 876 cer-

331 931 425 1001 nitur
453 951 494 999 ex
512 931 587 1002 Lir.
608 928 737 1017 XXlV,
763 933 820 1000 15.
846 931 921 1017 (nec
949 927 1016 998 alia
1034 929 1143 1017 magis
1162 927 1353 1000 Romanum
1381 929 1589 1018 impediebat

329 1075 386 1124 res
414 1074 515 1143 quarn
543 1053 657 1139 capita
684 1052 832 1124 bostium
860 1052 994 1140 pretia
1017 1051 1187 1123 libertatis
1203 1050 1325 1142 laem,
1351 1073 1453 1142 quem
1475 1052 1588 1123 locum

329 1177 600 1248 Luettiohannes
618 1177 665 1266 (p.
687 1177 758 1266 13.)
774 1197 853 1248 cum
871 1175 948 1246 aliis
967 1175 1079 1246 minus
1098 1176 1266 1246 similibus
1284 1175 1409 1247 adfert.
1432 1176 1479 1249 Ut
1497 1178 1587 1247 enim

226 1359 229 1370 .
330 1303 444 1390 capita
466 1301 618 1372 hostium
648 1300 821 1370 libertatis
852 1298 937 1370 facit
972 1299 1097 1389 pretia,
1134 1300 1195 1388 qui
1229 1299 1272 1370 iis
1308 1300 1506 1372 libertatem
1529 1308 1591 1372 aut

330 1425 403 1514 ipse
441 1426 524 1494 emit
560 1431 620 1494 aut
656 1424 716 1493 alii
754 1433 793 1492 ut
830 1428 945 1492 emant
981 1420 1100 1510 efficit,
1131 1423 1181 1494 ita
1216 1423 1376 1514 astrologi
1405 1425 1499 1494 Deos
1535 1425 1590 1494 vel

329 1551 460 1620 zodiaci
481 1550 578 1637 signa
601 1548 753 1636 pretium
766 1545 910 1633 iaciunt,
926 1567 1003 1617 cum
1019 1566 1082 1636 pro
1101 1547 1157 1646 iis,
1174 1567 1262 1636 quae
1277 1549 1435 1636 accipere
1452 1548 1585 1638 volunt,

330 1694 398 1742 uon
427 1673 601 1761 pecunias,
631 1671 692 1740 sed
719 1671 984 1741 vaticinationes
1012 1669 1161 1758 solvunt,
1192 1671 1408 1758 optatissima
1434 1693 1589 1763 quaeque

331 1795 584 1867 consulentibus
603 1794 844 1885 praedicendo.
870 1792 969 1881 Quod
995 1793 1163 1882 quomodo
1184 1793 1312 1866 faciant
1335 1797 1529 1868 ostenditur
1548 1818 1589 1868 eo

331 1920 422 2011 quod
456 1921 633 2009 sequitur:
670 1927 705 1989 et
732 1916 894 1988 fallitur
923 1939 1008 1988 auro
1036 1917 1239 2006 Iuppiter,
1270 1959 1318 1970 -
1347 1920 1405 1990 ubi
1434 1921 1516 2009 quid
1544 1922 1589 1991 sit

329 2042 450 2114 lallere
470 2043 675 2131 intelligitur
695 2063 736 2112 ex
757 2042 856 2114 Ouid.
878 2042 975 2111 Fast.
997 2040 1040 2129 V,
1065 2043 1151 2113 683,
1174 2063 1219 2112 sa.

540 2271 618 2344 Siue
638 2294 700 2360 ego
720 2280 754 2343 te
774 2270 840 2341 leci
860 2280 981 2341 testem
1001 2269 1127 2341 falsove
1147 2272 1249 2342 citavi

593 2397 667 2467 Non
687 2394 840 2466 audituri
859 2397 999 2466 numina
1019 2415 1140 2483 magna
1159 2395 1268 2478 lovis3

541 2521 622 2592 Sive
642 2520 753 2590 Deum
773 2520 924 2608 prudens
942 2518 1046 2588 alium
1064 2519 1231 2588 Divamre
1251 2517 1445 2590 ielelli—

331 2741 366 2802 et
385 2736 460 2803 Am.
482 2734 546 2820 III,
570 2738 629 2821 ll,
650 2736 699 2801 45
720 2753 747 2801 s.
770 2732 880 2801 Parce
899 2751 962 2818 per
981 2752 1000 2800 o
1018 2730 1098 2800 lecti
1119 2730 1259 2800 socialia
1278 2731 1365 2821 iura,
1389 2753 1453 2821 per
1471 2754 1587 2806 omues

594 2853 659 2942 Qui
680 2856 762 2925 dent
780 2853 949 2923 fallendos
970 2874 1007 2922 se
1027 2853 1091 2923 tibi
1112 2874 1213 2944 saepe
1234 2853 1341 2925 Deos!

331 3075 367 3136 ut
389 3087 455 3137 nou
476 3072 570 3136 esset
589 3087 649 3137 cur
664 3066 915 3155 Hertzbergius
933 3073 1078 3155 negaret
1097 3065 1168 3136 salli
1186 3066 1287 3155 Dece,
1308 3067 1337 3137 si
1356 3067 1433 3156 quis
1451 3066 1590 3140 fallendi

331 3211 435 3262 causa
454 3192 645 3262 nominibus
664 3211 780 3260 eorum
801 3190 1016 3259 abuteretur.
1044 3190 1113 3260 Sed
1131 3189 1174 3258 ab
1195 3190 1314 3261 eodem
1335 3191 1393 3261 illo
1412 3192 1590 3279 pretium

329 3312 466 3384 fecere
485 3336 564 3384 cum
583 3314 711 3403 reliqui
729 3315 934 3384 accusativi:
964 3314 1073 3402 signa,
1103 3312 1231 3398 stellas,
1261 3314 1367 3402 sidus,
1390 3322 1460 3385 tum
1480 3316 1589 3386 inter·

329 3439 463 3529 rogatio
492 3460 579 3527 quae
608 3440 764 3530 sequitur
781 3446 863 3527 apta
882 3445 950 3510 est:
986 3438 1087 3527 Quid
1116 3445 1303 3508 moveant
1329 3441 1464 3528 pisces
1494 3450 1589 3532 cett,

331 3583 416 3652 quae
437 3562 575 3650 quidem
593 3583 656 3650 pro
676 3562 892 3633 substantivo
911 3562 1101 3634 momenti
1130 3560 1325 3652 adhibetur,
1351 3564 1400 3634 sic
1419 3571 1532 3635 tomen
1552 3571 1591 3635 ot

329 3709 396 3758 non
414 3686 449 3758 id
470 3685 559 3776 quod
576 3687 632 3771 sit,
649 3688 708 3759 sed
728 3686 818 3775 quod
832 3684 983 3775 fingatur
1003 3707 1077 3756 esse
1092 3694 1303 3756 momentum
1323 3687 1534 3777 designetur,
1552 3696 1592 3759 ut

330 3819 424 3883 recte
443 3809 737 3900 Naegelsbachius
756 3809 847 3898 (Lat.
867 3809 916 3881 St.
946 3809 977 3902 ἓ,
1008 3814 1069 3900 37,
1097 3811 1146 3900 3.)
1166 3810 1266 3880 docet
1282 3830 1346 3899 pro
1365 3811 1590 3882 nominalibus

330 3935 493 4006 subiectis
512 3942 573 4004 aut
592 3935 737 4006 obiectis
755 3934 1047 4021 interrogationes
1067 3935 1239 4023 usurpari,
1260 3936 1289 4004 si
1308 3934 1391 4024 quid
1410 3955 1452 4005 ex
1472 3953 1590 4005 rerum

330 4059 476 4128 veritate
500 4058 535 4126 in
563 4058 755 4146 opinionem
784 4063 820 4127 et
847 4056 1094 4128 dubitationem
1118 4057 1322 4129 deducatur.
1353 4056 1451 4144 Quod
1474 4065 1590 4130 autem

329 4183 371 4252 ab
390 4181 511 4251 iisdem
531 4180 644 4251 verbis
665 4189 699 4250 et
718 4181 935 4252 accusativus
954 4181 1080 4251 obiecti
1100 4187 1137 4252 et
1154 4182 1381 4269 interrogatio
1399 4182 1536 4272 pendet,
1556 4182 1591 4253 id

329 4307 384 4378 bic
402 4325 469 4375 non
488 4305 596 4392 magis
615 4311 753 4393 oportet
771 4303 945 4376 offendere
966 4325 1066 4394 quam
1082 4305 1128 4395 Il,
1151 4309 1212 4393 34,
1235 4306 1294 4376 67.
1315 4325 1377 4376 ss.:

434 4534 486 4604 Tu
506 4536 602 4605 cauis
621 4533 773 4605 umbrosi
793 4535 912 4605 subter
931 4536 1048 4622 pineta
1068 4532 1205 4604 Galaesi

488 4658 635 4749 Thyrsin
657 4665 692 4726 et
710 4658 839 4728 attritis
858 4658 1017 4748 Daphnin
1036 4655 1274 4748 arundinibus,

367 4871 370 4878 .
434 4781 548 4870 thue
568 4782 685 4853 decem
705 4782 839 4869 possint
859 4800 1082 4869 corrumpere
1102 4781 1191 4852 male
1209 4781 1359 4870 puellam
1372 4821 1419 4834 —
