3616 5602
861 495 1068 564 ..50-

332 702 404 772 laco
423 703 608 780 movendos
627 723 685 774 eos
704 703 843 793 quidam
862 704 1004 791 idcirco,
1020 704 1111 792 quod
1130 723 1192 774 nec
1213 702 1297 771 ruit
1316 701 1359 771 de
1377 700 1495 773 lurore
1515 722 1596 790 pos·

333 826 378 896 sit
397 827 507 916 accipi
526 833 667 916 propter
687 829 874 897 Amazones
893 847 1038 916 quarum
1058 847 1124 898 non
1143 827 1187 897 sit
1205 824 1336 914 furere,
1350 846 1411 896 nec
1431 846 1495 896 cur
1513 846 1595 915 pro·
1688 905 1690 908 ,

332 948 409 1037 pria
437 950 470 1019 vi
503 951 638 1020 ruerit
669 951 720 1020 vel
754 951 952 1022 cucurrerit
982 951 1131 1041 Tarpeia
1167 949 1235 1020 ullo
1273 949 1373 1019 modo
1405 950 1596 1038 excogitari

333 1074 452 1160 possit.
474 1073 521 1144 At
539 1075 611 1144 ruit
629 1075 663 1144 h.
686 1095 715 1145 e.
738 1073 899 1145 celeriter
916 1075 1026 1145 currit
1050 1081 1085 1145 et
1107 1075 1178 1146 abit
1201 1094 1320 1145 amore
1339 1074 1397 1162 qui
1416 1073 1595 1144 nocturnis
1666 1081 1669 1088 “

333 1197 471 1266 somniis
499 1198 690 1270 increverat
716 1200 857 1270 incensa
888 1206 923 1270 et
950 1199 1081 1270 scelere
1110 1199 1201 1287 qnod
1231 1198 1343 1269 animo
1377 1198 1595 1300 machinatur

276 1355 279 1360 ·
333 1320 479 1410 impulsa
503 1329 537 1392 et
560 1342 642 1392 cura
665 1323 755 1392 Tatii
779 1343 881 1412 quem
904 1329 940 1392 et
968 1343 1106 1394 servare
1134 1329 1169 1392 et
1194 1322 1261 1393 sibi
1290 1322 1473 1393 conciliare
1501 1322 1595 1409 cupit

331 1449 498 1533 permota,
520 1454 558 1515 ut
577 1443 714 1534 Scyllae
733 1447 824 1534 apud
841 1445 1003 1516 Ovidium
1022 1447 1107 1518 Met.
1128 1446 1223 1531 VIII,
1247 1447 1306 1516 38.

542 1612 696 1744 Impletus
714 1663 767 1726 est
791 1697 833 1707 -
856 1697 906 1707 -
926 1696 976 1708 -
996 1655 1088 1726 ferre
1107 1677 1170 1746 per
1188 1677 1308 1746 agmen

543 1779 724 1868 Virgineus
743 1780 865 1852 hostile
884 1782 1032 1870 gradus3
1056 1821 1102 1832 —

332 1997 370 2060 ut
386 1991 537 2062 Ariadne
551 1991 636 2062 Her.
653 1993 697 2080 X,
718 1997 775 2064 19.
793 2014 909 2064 somno
925 1991 1166 2083 expergefacta
1180 2001 1215 2063 et
1229 1993 1364 2063 Thesea
1378 1991 1592 2062 desiderans:

437 2203 537 2272 Nunc
557 2203 626 2274 huc
644 2225 732 2274 nunc
753 2205 834 2276 illuc
854 2213 888 2274 et
907 2212 1055 2295 utroque
1071 2207 1144 2276 sine
1161 2205 1281 2276 ordine
1296 2206 1420 2291 currit3
1440 2243 1486 2256 -—

329 2420 368 2483 ut
389 2413 526 2503 Sappho
544 2415 628 2485 Her.
648 2415 725 2503 XV,
750 2419 834 2486 135.
857 2437 901 2486 ss.

434 2631 482 2698 At
500 2650 576 2698 cum
597 2651 633 2699 se
652 2630 765 2720 Titan,
785 2632 907 2719 inquit,
927 2631 1078 2702 ostendit
1095 2638 1132 2700 et
1150 2631 1262 2701 omnia
1280 2650 1406 2718 secum,

486 2753 572 2822 Tum
594 2755 663 2824 cito
684 2775 738 2823 me
758 2775 893 2825 somnos
914 2755 1114 2825 destituisse
1134 2775 1269 2844 queror.

412 2847 415 2854 ¹
435 2878 546 2948 Antra
559 2883 747 2966 nemusque
762 2887 852 2967 peto,
868 2884 1031 2966 tauquam
1046 2899 1166 2948 nemus
1182 2885 1348 2967 antraque
1361 2878 1507 2967 prosint.

489 2999 633 3072 Conscia
652 3001 786 3072 deliciis
804 3001 864 3071 illa
882 3000 979 3074 fuere
996 3003 1077 3073 tuis.

433 3125 519 3196 Illuc
537 3127 662 3197 mentis
680 3127 792 3215 inops,
812 3137 850 3197 nt
869 3147 971 3216 quam
989 3125 1123 3198 furialis
1140 3127 1311 3198 Erichtho

486 3250 638 3340 Impulit,
657 3251 693 3318 in
712 3249 799 3322 collo
820 3253 913 3321 crine
933 3251 1067 3322 iacente
1086 3249 1195 3338 leror;
1212 3291 1266 3301 ...

328 3581 399 3648 quod
414 3581 490 3636 sinus
504 3580 639 3636 abscissus
653 3579 681 3632 in
697 3581 834 3634 Amazone
849 3596 903 3633 non
918 3580 952 3634 dc
967 3587 1052 3648 veste,
1066 3579 1114 3633 sed
1128 3579 1163 3634 da
1177 3595 1292 3636 mamma
1305 3581 1445 3648 extirpata
1457 3580 1594 3650 accipien-

328 3669 378 3723 dus
398 3670 441 3735 sit,
462 3685 531 3736 quae
549 3668 579 3720 in
603 3673 722 3736 aperta
745 3684 799 3721 non
823 3668 943 3722 ablativo
966 3667 1015 3722 sed
1038 3669 1194 3722 accusativo
1214 3668 1250 3722 sit
1269 3668 1393 3724 dicenda.
1417 3667 1494 3737 Quod
1511 3683 1593 3736 quam

327 3757 396 3812 nihil
416 3758 509 3812 valeat
532 3757 704 3824 perspicuum
723 3763 816 3812 estex
834 3757 885 3822 ΙΙΙ,
906 3761 946 3820 14,
968 3757 1008 3810 13.
1032 3755 1127 3824 Qualis
1146 3756 1341 3810 Amazonidum
1362 3757 1472 3812 nudatis
1490 3757 1594 3812 bellica

327 3848 448 3900 mammis
462 3846 716 3902 Thermodontiacis
731 3846 811 3900 turha
825 3845 934 3900 lavatur
952 3845 1039 3913 aquis,
1058 3845 1105 3900 ubi
1118 3849 1272 3902 Amazones
1290 3862 1347 3901 non
1366 3847 1438 3900 omni
1457 3851 1533 3902 reste
1547 3861 1591 3902 ca·

327 3952 392 3992 rere
417 3936 555 4004 dicuntur,
575 3934 624 3990 sed
643 3935 779 3988 sententia
797 3935 866 3988 haec
885 3940 943 3988 est:
967 3934 1062 4002 quales
1080 3942 1144 3988 sunt
1162 3935 1271 3990 nudatis
1290 3935 1412 3989 mammis
1430 3935 1593 4002 Amazones,

327 4041 398 4093 quae
412 4025 440 4077 in
454 4022 657 4078 Thermodonta
672 4023 800 4076 lavantur
814 4023 858 4076 rel
873 4022 933 4077 illic
947 4023 1080 4076 habitant.
1095 4023 1164 4077 Nam
1179 4024 1259 4077 aliter
1274 4039 1324 4078 nec
1339 4039 1469 4079 mammae
1482 4023 1592 4092 potissi-

326 4129 399 4166 mum
413 4112 502 4166 nudae
516 4112 684 4178 dicerentur,
697 4127 748 4165 nec
762 4127 824 4164 mox
838 4111 871 4179 (v.
889 4115 929 4166 19.
944 4111 1020 4165 inter
1038 4127 1105 4179 quas
1120 4111 1226 4167 Helene
1248 4111 1328 4164 nudis
1341 4127 1440 4179 capere
1454 4127 1529 4167 arma
1543 4129 1591 4181 pa·

327 4202 403 4270 pillis
416 4202 525 4266 Fertur)
539 4200 626 4254 nudae
642 4200 762 4268 papillae
773 4200 903 4267 Helenae,
918 4216 1006 4268 neque
1016 4201 1168 4256 Amazones
1183 4217 1243 4254 cum
1255 4201 1396 4268 Spartanis
1411 4201 1510 4268 puellis
1525 4217 1591 4256 con-

326 4289 480 4357 ferrentur3
500 4291 554 4345 niai
573 4290 643 4346 forte
661 4293 742 4346 etiam
763 4291 954 4361 equitantium,
973 4293 1031 4360 pila
1049 4293 1209 4359 ludentium,
1227 4293 1310 4346 armis
1328 4291 1515 4348 dimicantium
1534 4300 1593 4348 tota

326 4395 441 4447 corpora
458 4379 532 4434 nuda
545 4378 631 4435 fnisse
645 4381 792 4436 existimes,
812 4380 944 4436 Similiter
959 4382 1100 4450 Vergilius
1119 4386 1214 4449 pectus
1233 4381 1362 4436 nudatum
1377 4388 1509 4437 memorat
1522 4384 1591 4437 Aen.

326 4468 346 4531 Ι,
361 4471 421 4520 492.
441 4467 615 4522 Penthesilea
634 4471 774 4523 -Aurea
794 4470 957 4524 subnectens
975 4477 1101 4523 exsertae
1121 4469 1230 4536 cingula
1248 4485 1388 4537 mammae3
1408 4501 1442 4512 —
1460 4470 1512 4540 XI,
1530 4473 1593 4526 649.

325 4557 449 4609 Amazon
463 4585 495 4596 —-
510 4557 600 4612 Unum
614 4564 725 4612 exserta
738 4558 810 4614 latus
824 4575 933 4626 pugnae
952 4559 1112 4626 pharetrata
1124 4557 1251 4625 Camilla3
1267 4587 1300 4598 ·-
1314 4553 1349 4614 ibj
1365 4561 1425 4615 803.
1440 4559 1528 4614 Hasta
1541 4560 1591 4614 sub

325 4650 463 4698 exsertam
476 4645 563 4700 donec
577 4647 685 4714 perlata
700 4647 838 4715 papillam.
854 4647 957 4715 Quodsi
970 4652 1066 4713 pectus
1085 4645 1215 4700 nudatum
1231 4653 1281 4714 est,
1295 4647 1357 4702 sinu
1370 4649 1454 4704 vestis
1469 4648 1590 4704 abscisso

326 4731 456 4787 nudatum
476 4740 526 4801 est,
542 4741 571 4788 nt
585 4735 635 4800 ΙΙΙ,
649 4739 674 4801 8,
690 4739 715 4789 8.
730 4735 891 4803 Propertius
907 4734 1048 4803 Cynthiae,
1066 4734 1122 4789 Fac
1135 4749 1203 4802 mua,
1222 4736 1319 4804 inquit,
1338 4737 1459 4792 rescisso
1478 4744 1590 4806 pectora

326 4821 399 4878 nuda
412 4823 482 4877 sinu.
