3600 5594
873 508 924 520 ..
956 469 1001 540 13
1030 506 1080 518 .-

452 677 518 750 Hie
536 679 596 758 ubi
613 683 685 750 tam
703 699 805 752 rarae
823 699 892 754 non
909 679 1001 769 perit
1020 679 1106 750 hora
1124 698 1240 752 morae
1260 718 1310 732 -

346 874 395 944 sio
413 872 526 964 arcipi
538 877 691 965 oportet,
709 880 844 945 utnon
862 873 977 963 perit
996 873 1041 945 sit
1059 893 1135 944 non
1153 870 1318 944 frustra
1336 878 1413 964 est,
1433 873 1493 946 sed
1512 896 1608 966 ope·

346 1016 414 1068 rae
438 1001 502 1068 est
523 997 716 1088 pretium,
744 998 844 1069 hora
865 1003 944 1068 tam
971 1017 1092 1071 rarae
1122 1017 1258 1069 morae
1281 997 1436 1088 dicatur,
1461 1000 1548 1089 qnod
1572 1007 1607 1074 et

287 1217 290 1226 .
344 1140 426 1192 raro
449 1139 489 1192 eo
515 1119 683 1212 homines,
713 1121 845 1193 seilicet
872 1121 907 1190 in
933 1121 1170 1192 anniversario
1198 1120 1258 1192 illo
1287 1140 1404 1211 sacro,
1433 1122 1549 1193 venire
1572 1130 1607 1196 et

345 1264 423 1315 oum
440 1243 597 1318 venerint
615 1266 682 1315 non
700 1243 770 1334 diu,
790 1244 851 1315 sed
868 1244 989 1315 horam
1008 1264 1149 1315 manere
1169 1243 1314 1316 soleant.
1343 1244 1433 1316 Nam
1452 1244 1502 1316 sie
1520 1244 1607 1316 diei-

345 1373 404 1440 tur
421 1369 534 1458 perire
557 1367 600 1439 ah
620 1366 743 1454 Ovidio
761 1367 859 1439 Rem.
879 1369 957 1438 hm.
982 1370 1066 1440 107.
1091 1367 1125 1439 Si
1150 1373 1264 1438 tamen
1286 1367 1407 1438 auxilii
1430 1369 1608 1458 perierunt

343 1499 502 1580 tempora
518 1489 632 1581 primi.
652 1470 741 1590 Item
758 1490 880 1562 haeret
897 1491 933 1560 in
951 1511 1001 1562 vs.
1024 1493 1101 1582 23„
1126 1491 1184 1561 ubi
1208 1495 1262 1562 est
1280 1510 1362 1561 sane
1381 1490 1511 1580 aliquid
1529 1511 1607 1563 eor·

343 1621 481 1704 ruptum
506 1615 540 1686 in
563 1614 754 1706 codicibus,
781 1614 823 1685 de
847 1614 969 1706 quibus
992 1613 1259 1704 Neapolitanus:
1284 1612 1478 1704 Siriganam
1500 1620 1607 1704 tacto,

346 1733 601 1829 Groninganns:
626 1737 747 1811 Serica
764 1758 841 1808 nam
866 1744 965 1828 rapto
985 1776 1037 1791 -
1055 1737 1175 1826 habet3
1199 1737 1234 1808 id
1258 1738 1370 1827 ipsum
1394 1744 1510 1809 tamen
1534 1739 1607 1828 pri-

345 1861 422 1933 dem
443 1861 492 1934 sio
512 1867 706 1934 correctum
721 1868 789 1932 est:
814 1859 934 1933 Serica
951 1881 1030 1932 narn
1048 1866 1146 1932 taceo
1168 1861 1255 1932 volsi
1274 1867 1441 1951 carpenta
1459 1861 1606 1951 nepotis.

343 1985 396 2057 De
419 1983 588 2076 Cynthiae
610 1983 765 2056 moribus
786 2005 909 2056 rursus
937 1984 1116 2074 respondit
1139 1985 1425 2056 Luettiohannes.
1449 1985 1501 2056 Ao
1524 2005 1603 2074 pro·

343 2104 446 2199 fecto,
469 2109 702 2198 uniuscunque
721 2128 796 2179 eam
821 2107 951 2180 ordinis
973 2106 1080 2178 fuisse
1104 2109 1339 2179 existimamus
1360 2108 1492 2180 -hoo
1516 2109 1603 2178 enirn

337 2233 419 2324 jure
437 2232 624 2324 ambigitur
646 2272 691 2283 -
711 2252 822 2322 neque
839 2232 950 2322 ipsius
974 2251 1036 2304 neo
1055 2231 1186 2302 saeculi
1208 2230 1301 2302 illius
1328 2252 1370 2303 ea
1388 2236 1465 2302 erat
1483 2231 1603 2302 sancti·

342 2356 465 2449 monia,
491 2377 577 2446 quae
600 2355 642 2427 ab
665 2356 708 2426 iis
731 2374 820 2445 quae
842 2354 898 2426 hic
927 2359 1114 2426 narrantur
1136 2354 1351 2426 abhorreret.
1373 2355 1489 2444 Atque
1512 2355 1603 2426 idem

341 2476 555 2569 Lygdamum
574 2479 894 2551 commemoratrix
912 2478 1014 2549 unius
1036 2476 1206 2567 Cynthiae
1225 2475 1285 2548 sed
1306 2478 1409 2548 etiam
1428 2477 1605 2568 Propertii

342 2623 477 2674 servum
494 2600 600 2674 furisse
622 2602 745 2692 videri,
769 2602 893 2674 collato
911 2600 975 2690 ΙΙΙ,
998 2604 1046 2690 6.,
1072 2600 1133 2671 ubi
1156 2599 1212 2671 hio
1231 2600 1281 2670 illi
1304 2599 1503 2671 libertatem
1521 2620 1604 2689 pro-

341 2726 458 2797 mittit.
482 2724 590 2796 Nobis
613 2745 670 2796 res
693 2727 742 2795 ita
769 2745 805 2794 se
827 2723 989 2794 habuisse
1012 2721 1162 2812 videtur,
1188 2728 1227 2793 ut
1248 2722 1307 2793 ille
1330 2721 1501 2814 Cynthiae
1520 2723 1603 2794 dum

341 2847 478 2919 adesset
498 2847 720 2936 ministraret,
744 2845 880 2917 domino
903 2853 1018 2917 tamen
1040 2845 1227 2936 Propertio
1252 2852 1422 2937 uteretur,
1449 2848 1506 2939 qui
1526 2867 1603 2918 curn

341 2970 461 3060 opibus
484 2990 551 3041 non
577 2967 758 3042 admodum
782 2969 912 3040 valeret
939 2967 1081 3040 absente
1108 2969 1168 3040 illa
1192 2969 1227 3038 in
1256 2990 1354 3041 suum
1379 2971 1481 3041 etiam
1504 2991 1602 3042 usum

340 3115 417 3166 eum
439 3094 629 3166 adhiberet.
660 3092 761 3181 Quod
784 3113 866 3164 vero
895 3092 937 3162 de
959 3092 1098 3163 theatro
1128 3090 1320 3184 profertur,
1347 3100 1442 3165 reete
1466 3093 1621 3183 quidem·

338 3218 608 3291 huettiohannes
626 3218 883 3307 commemorat,
906 3235 983 3287 oum
1000 3217 1164 3289 mulieres
1181 3217 1215 3286 in
1240 3237 1371 3288 summo
1395 3216 1532 3289 theatro
1551 3238 1604 3288 se

341 3340 423 3413 dere
448 3342 518 3413 sint
545 3339 679 3429 solitae,
702 3337 925 3429 Propertium
951 3339 1088 3410 etiamsi
1113 3361 1181 3410 non
1204 3341 1239 3411 in
1260 3337 1524 3428 quatuordecim
1544 3361 1600 3411 or-

339 3465 477 3537 dinibus
496 3464 644 3553 sederet‚
667 3462 866 3535 inferiorem
888 3462 1000 3534 lorum
1025 3464 1184 3534 obtinere
1207 3462 1376 3552 potuisse:
1401 3463 1462 3534 sed
1484 3467 1599 3534 tamen

339 3609 405 3660 non
428 3586 642 3678 exploratum
664 3590 717 3657 est
738 3606 816 3658 enm
842 3605 910 3656 non
932 3583 1039 3656 inisse
1069 3587 1233 3676 equitem.
1262 3582 1362 3672 Quod
1384 3606 1598 3677 nequaqnam

337 3710 507 3806 probatur
523 3709 566 3782 iis
583 3708 678 3800 locis,
699 3729 785 3800 qnos
803 3708 892 3780 hane
908 3710 946 3780 in
965 3710 1174 3781 sententiam
1196 3707 1330 3798 profert
1348 3709 1598 3800 Hertzbergius

338 3835 490 3927 (Quaest.
510 3855 543 3924 p.
567 3833 657 3924 14.);

413 4031 443 4118 Ι,
465 4031 499 4118 6,
522 4029 582 4100 25.
603 4067 653 4080 -
672 4046 773 4118 quem
792 4046 926 4115 semper
944 4025 1055 4097 voluit
1073 4023 1214 4098 fortuna
1232 4027 1364 4115 iacere;
1388 4067 1432 4078 —

415 4152 461 4244 ΙΙ,
481 4155 543 4242 24,
565 4154 625 4224 36.
647 4150 870 4242 -quamvis
888 4169 951 4220 neo
969 4149 1138 4239 sanguine
1156 4151 1246 4224 avito

494 4362 629 4454 Nobilis
647 4369 682 4434 et
701 4361 855 4452 quamvis
874 4361 1010 4434 nonita
1029 4361 1126 4432 dives
1146 4379 1235 4430 eras.

415 4574 460 4665 ΙΙ,
483 4577 543 4662 34,
565 4576 626 4646 56.
649 4615 697 4628 -
715 4613 766 4626 -
785 4574 840 4645 oui
857 4590 966 4663 parva
985 4571 1083 4642 domi
1100 4569 1239 4642 fortuna
1257 4572 1379 4644 reliota
1398 4578 1462 4663 est,

493 4769 619 4842 Nullus
638 4773 673 4842 et
690 4771 832 4861 antiquo
851 4768 965 4842 Marte
983 4766 1179 4856 triumphus
1198 4768 1266 4840 avi.
1288 4807 1338 4822 -
