3600 5594
712 477 944 548 ..35-

194 686 284 757 nime
307 687 433 775 placet,
459 689 561 777 quod,
585 689 614 758 si
640 709 707 760 non
735 690 771 760 in
797 687 1033 782 Groningano,
1058 692 1093 763 id
1117 690 1208 780 quod
1231 689 1370 760 dubium
1397 699 1460 779 est,

138 789 146 796 ’
197 817 292 882 certe
320 813 355 880 in
383 811 618 883 deterioribus
640 812 807 884 Italorum
837 814 1013 886 codicibus
1040 818 1191 904 positum
1211 814 1462 904 Hertcbergius

197 935 329 1022 recepit
348 975 396 986 -
417 934 540 1022 lucta,
567 937 657 1025 quod
681 957 802 1008 nomen
830 938 1034 1028 simpliciter
1060 939 1263 1009 collocatum
1291 938 1399 1027 magis
1427 938 1464 1006 in
1555 1009 1558 1018 ,

201 1059 334 1146 epicum
367 1079 467 1147 quum
506 1060 541 1129 in
571 1059 606 1130 id
637 1059 728 1150 quod
761 1061 816 1132 hic
844 1070 1057 1135 memoretur
1083 1080 1202 1151 poema
1234 1061 1337 1133 cadit.
1372 1061 1462 1132 Nam

200 1181 343 1253 Ovidius
362 1203 438 1254 cum
461 1202 620 1273 ecquem
640 1187 822 1257 attulimus
841 1187 919 1258 loco
938 1185 1046 1257 facta
1073 1186 1169 1274 dicit,
1190 1205 1257 1255 non
1277 1185 1362 1256 (licit
1380 1185 1462 1262 sim-

199 1305 351 1395 pliciter3
381 1307 439 1377 sed
467 1306 557 1378 fictis
586 1311 741 1399 opponit,
772 1311 899 1400 quippe
923 1311 980 1399 qui
1008 1310 1152 1380 alteram
1181 1329 1301 1379 versus
1328 1314 1462 1397 partem

199 1429 286 1499 hanc
303 1428 431 1501 faciat:
461 1470 510 1483 —
539 1431 599 1502 sed
619 1448 731 1522 erunt,
753 1436 810 1524 qui
830 1453 884 1504 me
902 1431 1045 1503 finxisse
1064 1433 1259 1521 loquantur.
1286 1432 1399 1522 Magis
1418 1431 1462 1502 ad

198 1571 270 1622 rem
295 1555 504 1626 conveniunt
522 1576 654 1647 sacra,
676 1577 763 1647 quae
782 1558 914 1646 recepit
929 1556 1091 1642 Iacobus,
1112 1556 1178 1626 nisi
1199 1553 1289 1626 torte
1308 1554 1462 1626 officiunt

200 1675 319 1747 eadem
339 1698 438 1749 sacra
458 1679 493 1748 in
512 1701 560 1750 vs.
576 1684 636 1752 68.
648 1682 761 1770 posita
774 1683 898 1771 (Sacra
917 1680 1057 1770 diesque
1076 1686 1246 1752 canumet
1262 1681 1464 1767 cognomina

200 1800 317 1886 prisca
334 1802 523 1893 locorum);
549 1825 754 1894 quemquam
777 1803 862 1876 lata
885 1810 921 1875 et
943 1825 1059 1876 sacra
1081 1803 1164 1874 alibi
1186 1803 1291 1875 etiam
1314 1804 1462 1874 intense

202 1934 410 1996 commutata
429 1935 523 2016 sunt,
551 1936 591 2000 ut
610 1927 711 2000 Ovid.
733 1929 819 2000 Met.
841 1928 938 2016 XIII,
973 1931 1056 1998 154.
1078 1926 1159 1998 olim
1183 1928 1349 2017 scriptum
1369 1935 1460 1998 erat:

202 2043 383 2138 Sentitquc
402 2050 564 2122 sihifera
583 2049 668 2122 fata
689 2053 817 2143 parari,
846 2058 882 2122 at
906 2073 995 2123 nunc
1016 2051 1201 2121 scribitur:
1229 2050 1305 2122 fera
1333 2071 1460 2123 sacra.

201 2167 354 2242 Maxime
370 2193 449 2244 vcro
464 2174 598 2264 placent
617 2174 732 2260 festa,
750 2196 953 2266 quaequam
973 2176 1177 2248 conveniant
1195 2177 1304 2246 sacris
1322 2175 1459 2246 diebus·

173 2295 178 2306 '
201 2313 266 2380 que
285 2293 386 2366 facile
405 2305 560 2386 apparet,
589 2318 651 2369 nec
670 2300 783 2368 minus
805 2300 1026 2388 perspicuum
1051 2309 1105 2370 est
1128 2299 1296 2387 quomodo
1324 2301 1359 2369 in
1378 2297 1462 2368 fata

199 2419 354 2488 converti
372 2421 558 2506 potuerint.
585 2419 620 2491 Si
645 2423 735 2492 enim
755 2444 772 2492 s
790 2422 894 2492 litora
913 2424 962 2492 ita
984 2429 1059 2492 erat
1082 2422 1214 2511 scripta
1231 2427 1270 2493 ut
1288 2443 1305 2492 c
1323 2421 1459 2493 literam

200 2540 389 2628 attingeret
416 2551 451 2612 et
479 2565 554 2614 cum
583 2565 624 2614 ea
651 2545 874 2635 coalesceret,
904 2565 969 2634 pro
989 2567 1010 2615 u
1029 2545 1133 2615 litera
1156 2545 1265 2634 achpi
1289 2553 1461 2634 poterunt,
1530 2615 1533 2624 ,

200 2664 258 2751 qui
282 2686 382 2736 error
407 2687 445 2736 eo
474 2675 549 2738 erat
566 2669 764 2759 proclivior,
794 2689 861 2759 quo
890 2670 1054 2740 usitatius
1083 2676 1118 2740 et
1145 2669 1261 2740 nouus
1282 2675 1358 2740 erat
1375 2669 1461 2740 illud

200 2785 282 2859 satu
303 2787 452 2860 dicere.
478 2790 662 2863 Difficilius
682 2801 734 2864 est
755 2800 877 2865 contra
895 2793 1044 2864 alterum
1067 2797 1306 2882 argumentum
1332 2793 1462 2881 dicere,

203 2929 269 2980 non
294 2912 383 2998 quod
407 2915 481 2985 eius
503 2923 600 2986 tanta
623 2920 674 2986 vis
699 2917 757 3003 sit,
783 2917 844 2988 sed
869 2916 950 3006 quia
975 2937 1075 3006 qnam
1100 2917 1183 2988 velit
1206 2918 1280 2986 eius
1299 2917 1366 2987 vim
1385 2937 1462 2988 esse

201 3032 452 3108 Heimreichius
471 3059 593 3126 parum
611 3040 731 3129 liquet.
751 3041 781 3112 U
801 3063 877 3111 rum
897 3041 988 3111 enim
1005 3061 1074 3110 uss.
1100 3043 1172 3110 135
1185 3081 1235 3090 -
1250 3043 1334 3112 146.
1356 3039 1463 3128 Apol-

200 3159 280 3230 linis
304 3161 373 3232 sint
395 3183 438 3232 an
463 3161 643 3252 horoscopi
667 3164 750 3232 nihil
781 3165 825 3233 ad
847 3185 933 3233 rem.
962 3163 1049 3234 Nam
1076 3183 1139 3232 cur
1163 3161 1333 3250 Apollims
1356 3161 1463 3232 verbu

202 3285 292 3372 magi
316 3286 465 3356 orationi
490 3287 662 3376 interponi
685 3292 860 3375 poterunt,
885 3285 915 3356 si
938 3286 1011 3357 sola
1034 3286 1206 3375 integrum
1230 3304 1371 3355 carmen
1389 3283 1462 3356 effi·

201 3408 280 3495 ciet,
297 3411 349 3479 sin
364 3431 441 3480 cum
457 3411 695 3500 superioribus
715 3410 896 3482 coniuncta
916 3411 995 3500 erit,
1010 3430 1076 3480 non
1097 3410 1250 3498 poterit?
1269 3406 1338 3480 Sed
1347 3417 1463 3479 tamen

200 3552 242 3602 ne
260 3532 344 3603 illud
364 3533 499 3622 quidem
528 3536 766 3626 perspicimus
796 3554 858 3605 cur
885 3534 909 3603 ii
938 3555 1058 3604 versus
1078 3532 1247 3622 Apollinis
1266 3534 1375 3621 magis
1395 3534 1463 3604 sint

200 3674 301 3743 quom
319 3656 513 3745 horoscopi.
536 3658 610 3729 Hoc
629 3679 734 3728 unum
749 3657 904 3728 videmus
927 3659 1097 3730 rationem
1121 3658 1196 3727 eius
1215 3656 1387 3745 opinionis
1405 3675 1461 3725 re-

200 3779 271 3866 peti
289 3780 332 3850 ah
351 3789 393 3851 at
410 3780 580 3868 particula
597 3784 699 3871 (135.
720 3783 774 3852 At
792 3791 830 3851 tu
848 3780 939 3871 finge
959 3780 1105 3869 elegos);
1124 3787 1162 3850 at
1179 3781 1215 3848 in
1233 3799 1273 3848 eu
1291 3778 1463 3867 particula

201 3903 286 3974 nihil
305 3912 359 3974 est
377 3925 440 3975 cur
457 3924 523 3974 non
543 3904 693 3975 eiusdem
714 3905 772 3994 qui
791 3913 870 3975 ante
891 3905 977 3975 dixit
989 3923 1102 3975 sermo
1117 3903 1345 3974 continuetur.
1361 3900 1462 3991 Elegi

200 4029 289 4098 enim
308 4035 529 4116 opponuntur
547 4025 621 4097 loro
635 4029 658 4097 i.
676 4049 706 4098 e.
719 4028 935 4117 eloquentiae
951 4027 1120 4117 simulque
1138 4026 1182 4096 iis
1201 4025 1359 4097 omnibus
1374 4045 1461 4114 quae

199 4171 267 4221 noo
287 4152 408 4224 deceat
424 4157 578 4223 tractare
598 4151 832 4240 Propertium,
854 4149 1013 4242 quodque
1032 4159 1075 4222 tu
1094 4169 1280 4239 pronomen
1294 4153 1349 4220 est
1363 4147 1460 4220 addi-

198 4281 285 4362 tum,
304 4277 339 4346 id
358 4277 415 4348 hic
436 4297 503 4346 uon
522 4276 599 4365 plus
619 4275 813 4346 offensionis
827 4274 932 4345 hahet
948 4296 1053 4364 ¹quam
1072 4272 1235 4365 quole,
1258 4277 1293 4360 7,
1318 4275 1378 4342 23.
1398 4273 1460 4360 (At

198 4399 282 4490 mihi
304 4421 372 4470 non
392 4401 507 4471 oculos
534 4400 712 4489 qumquam
742 4397 921 4470 inclinauit
948 4399 1075 4490 euntis)
1103 4397 1201 4468 mihi
1230 4404 1282 4465 est
1310 4395 1460 4484 positum

198 4530 278 4611 post
295 4529 351 4611 at,
372 4525 437 4594 etsi
455 4545 521 4594 non
547 4523 698 4614 Cynthia
717 4521 936 4612 aliiohomini²
959 4522 1019 4594 sed
1035 4520 1189 4591 eiusdem
1209 4519 1383 4590 immerita
1403 4539 1460 4588 so-

199 4646 309 4718 litudo
327 4645 395 4718 fido
416 4649 524 4718 amori
552 4649 748 4738 opponitur:
772 4646 915 4718 MinIme
943 4665 1027 4716 vero
1046 4643 1197 4714 omnium
1215 4641 1364 4731 intelligi
1382 4649 1460 4731 pot·

200 4777 263 4857 est,
293 4791 360 4861 qua
388 4791 493 4841 causa
519 4793 578 4843 eae
602 4772 690 4842 duae
718 4775 856 4860 pentec,
888 4789 975 4859 quoe
1002 4787 1104 4839 versu
1136 4773 1196 4838 71.
1218 4767 1459 4857 seiunguntur,
1554 4809 1558 4819 ·

1251 4901 1267 4937 t
