3600 5594
872 468 1077 534 ..56-

242 671 245 677 “
346 671 503 743 haerere.
528 673 625 744 Stant
648 676 738 744 euim
767 695 835 744 uon
858 675 958 745 modo
983 694 1023 744 ea
1050 694 1136 762 quae
1160 695 1228 745 non
1250 675 1364 746 iacent
1386 682 1446 744 aut
1467 675 1599 764 sedent,

349 795 532 866 sedetiam
558 818 643 886 quae
667 819 736 866 non
758 805 954 883 moventur;
979 805 1015 866 at
1038 787 1180 867 currens
1203 818 1292 886 aqua
1314 807 1491 868 movetur:
1517 817 1600 885 ergo

345 937 385 988 ea
404 919 454 988 vis
472 921 575 990 datur
592 922 689 991 lenae
708 932 748 990 ut
766 943 853 1010 quae
873 931 1002 992 certum
1018 929 1053 991 et
1073 918 1205 990 firmum
1221 927 1346 992 statum
1366 921 1541 992 obtineant
1560 943 1600 991 ea

345 1042 381 1110 in
400 1043 558 1113 mobilem
577 1065 698 1133 aquam
717 1052 971 1116 convertantur.
992 1043 1087 1114 Idem
1107 1043 1180 1114 fere
1198 1053 1259 1115 aut
1277 1053 1392 1116 tamen
1412 1065 1598 1134 exgenere

346 1165 463 1236 eodem
484 1167 567 1238 illud
588 1175 640 1238 est
663 1168 753 1257 quod
771 1169 895 1240 Medea
923 1169 989 1238 sibi
1018 1169 1121 1238 sumit
1140 1188 1215 1238 cum
1235 1170 1325 1257 apud
1345 1167 1503 1240 Ovidium
1524 1167 1598 1240 Me-

340 1297 423 1360 tam.
445 1289 521 1378 Vll,
544 1295 630 1363 200.
652 1315 680 1363 s.

989 1453 1231 1522 concussaque,
1251 1434 1373 1523 inquit,
1394 1433 1492 1523 sisto,

449 1555 582 1627 Stantia
602 1559 759 1628 concutio
779 1563 882 1627 cantu
901 1555 1001 1626 freta.

343 1771 455 1858 Atque
476 1771 550 1859 quis
568 1790 609 1840 eo
630 1778 817 1858 moveatur,
843 1772 934 1860 quod
958 1791 1044 1858 quae
1068 1769 1110 1840 de
1134 1778 1304 1860 magnete,
1328 1771 1369 1840 de
1393 1770 1538 1856 volucri,
1556 1769 1598 1840 de

343 1913 431 1982 aqua
450 1905 691 1982 memorantur,
712 1915 752 1964 ea
770 1897 884 1966 omnia
902 1915 921 1966 a
940 1895 1067 1983 philtro
1088 1895 1157 1964 sint
1177 1895 1312 1965 aliena?
1336 1895 1442 1983 Quasi
1461 1915 1544 1965 vero
1563 1895 1597 1963 id

341 2023 465 2106 agatm
483 2026 521 2087 ut
541 2018 653 2088 omnia
675 2021 748 2088 eins
767 2020 864 2088 lenae
882 2017 1012 2106 philtra
1031 2025 1289 2106 enumerentur,
1305 2019 1416 2088 uouid
1438 2028 1477 2087 nt
1490 2039 1596 2107 quau·

339 2146 411 2211 tum
431 2161 471 2212 ea
489 2143 599 2230 possit
618 2142 651 2211 in
671 2141 843 2211 amoribus
863 2142 1024 2210 universa
1047 2142 1122 2211 eius
1145 2152 1221 2212 arte
1244 2150 1279 2212 et
1297 2140 1459 2212 facultate
1478 2137 1600 2230 adum,

340 2263 471 2336 brauda
489 2265 758 2349 demonstretur3
783 2285 848 2334 nou
871 2284 969 2335 secus
993 2283 1033 2334 ac
1053 2265 1179 2335 Medea
1206 2286 1246 2336 eo
1267 2286 1366 2353 quem
1385 2264 1596 2336 laudavimus

339 2387 413 2457 loco
432 2388 768 2476 Metamorphose0n‚
792 2409 867 2457 cnm
892 2387 935 2457 ad
955 2390 1103 2458 Aesonis
1126 2396 1335 2459 senectutem
1358 2362 1596 2458 removendam

337 2511 480 2583 deorum
499 2513 660 2583 auxilinm
676 2513 846 2601 implorat,
862 2512 976 2582 omnia
992 2533 1078 2601 quae
1092 2514 1158 2582 iam
1175 2513 1326 2583 effecerit
1339 2519 1593 2600 eonimemorat,

338 2637 404 2706 etsi
423 2637 507 2706 nihil
525 2638 568 2706 ad
586 2637 622 2706 id
641 2636 731 2725 quud
750 2643 823 2705 tum
843 2637 914 2724 agit
933 2637 1118 2724 pertinent,
1135 2636 1201 2716 vel,
1218 2636 1308 2724 quod
1329 2638 1430 2706 etiam
1452 2636 1591 2706 similius

339 2766 403 2846 est,
432 2758 574 2830 Ovidius
604 2761 681 2830 Am.
701 2759 730 2847 I,
753 2763 786 2828 8.
816 2761 914 2850 prius
939 2779 1056 2829 omues
1075 2760 1238 2849 Dipsadis
1266 2769 1359 2830 artes
1387 2770 1543 2832 recenset
1561 2765 1595 2829 et

338 2889 411 2953 tum
432 2884 567 2953 demum
588 2886 649 2977 (vs.
675 2884 736 2970 19)

390 3112 484 3183 Haec
504 3112 582 3192 sibi,
602 3113 726 3201 inquit,
748 3111 926 3200 proposuit
944 3111 1114 3182 thalamos
1133 3118 1301 3183 temerare
1321 3112 1463 3200 pudicos
1484 3153 1533 3164 -

337 3324 470 3394 scilicet
488 3331 528 3396 nt
547 3325 671 3396 doceat
689 3335 851 3413 qnantum
873 3323 931 3392 illa
949 3323 984 3392 in
1003 3323 1066 3393 hoc
1086 3344 1221 3411 quoque
1242 3344 1368 3410 genere
1385 3325 1498 3414 possit
1514 3346 1592 3414 pro·

335 3445 450 3518 ficere.
482 3449 660 3538 Mittamus
688 3449 793 3536 igitur
820 3447 905 3516 haec
934 3453 969 3516 et
998 3447 1172 3515 veniamus
1197 3448 1239 3515 ad
1263 3447 1409 3517 medium
1443 3469 1591 3540 carmen,

337 3571 434 3640 cuius
459 3572 543 3642 ordo
567 3571 854 3642 aLuettiohauue
882 3590 949 3638 uon
974 3569 1085 3638 miuus
1114 3569 1334 3639 vehementer
1355 3545 1591 3659 perturbatur.

335 3694 407 3766 Nec
432 3705 544 3765 tamen
572 3695 696 3766 attinet
719 3714 819 3782 quem
848 3695 922 3781 ipse
948 3712 1070 3761 novum
1097 3692 1249 3762 ordinem
1274 3695 1459 3764 constituat
1487 3715 1591 3783 expo·

336 3839 438 3889 uere:
460 3820 543 3890 satis
566 3818 770 3888 habebimus
793 3837 982 3886 memorare
1005 3817 1127 3905 quibus
1151 3817 1273 3889 ductus
1297 3820 1487 3890 rationibus
1515 3840 1589 3888 eum

339 3943 396 4030 qui
419 3941 566 4012 traditus
590 3951 642 4010 est
670 3941 824 4010 ordinem
852 3946 1017 4008 mutatum
1046 3939 1139 4030 velit,
1174 3962 1257 4029 quas
1281 3943 1309 4010 si
1329 3942 1590 4014 refutaverimus

337 4085 469 4134 omnem
485 4085 555 4134 rem
572 4064 766 4153 expeditam
781 4062 986 4152 putabimus.
999 4063 1111 4154 Negat
1121 4072 1235 4136 autem
1250 4066 1395 4153 primum
1406 4087 1473 4137 uss
1488 4072 1547 4138 29.
1561 4088 1588 4138 s.

438 4294 487 4364 Et
505 4295 666 4364 simulare
687 4293 780 4363 viros
800 4294 951 4381 pretium
971 4291 1074 4364 facit:
1095 4301 1191 4365 utere
1211 4296 1335 4384 causis,

483 4417 597 4487 Maior
616 4417 723 4488 dilata
741 4423 840 4486 nocte
860 4423 1019 4487 recurret
1037 4437 1134 4486 amor
1154 4451 1204 4468 —

339 4648 413 4698 cum
434 4626 714 4700 antecedentibus
737 4628 933 4714 cohaerere,
963 4626 1043 4715 quia
1070 4627 1294 4718 singularium
1318 4633 1401 4704 ordo
1423 4653 1589 4724 praecep·

335 4759 452 4822 torum
481 4759 559 4840 post
591 4752 765 4840 generalia
792 4758 834 4821 et
859 4749 1028 4840 particula
1054 4771 1121 4821 uon
1150 4754 1259 4840 possit
1286 4757 1402 4846 incipi,
1430 4757 1590 4846 idemque
