3600 5594
864 485 1072 553 ...93-

511 695 594 766 Tela
614 715 733 784 precor
751 695 851 784 pueri
870 695 995 764 sumite
1014 699 1116 764 acuta
1134 693 1254 782 magis.

459 820 572 908 Figite
592 825 763 890 certantes
784 824 886 907 atque
905 819 992 888 hanc
1011 819 1096 888 mihi
1119 817 1242 888 solvite
1262 819 1384 888 vitam:

513 944 658 1032 Sanguis
677 943 745 1014 erit
763 944 860 1014 vobis
877 943 1025 1013 maxima
1043 945 1156 1031 palma
1176 964 1283 1014 meus.
1306 983 1355 994 -

337 1120 605 1208 et11‚17‚1o,s.
623 1120 722 1190 Nunc
741 1121 856 1190 iacere
876 1143 894 1190 e
914 1121 1000 1190 dmo
1021 1141 1144 1208 corpus
1163 1120 1257 1199 licet,
1278 1121 1395 1208 impia,
1417 1143 1511 1208 saxo,

512 1243 654 1315 Sumere
674 1251 709 1315 et
727 1245 760 1313 in
781 1251 917 1316 nostras
936 1245 1020 1314 trita
1039 1265 1167 1314 uenena
1186 1265 1316 1314 manus,
1336 1285 1388 1296 —

334 1438 457 1509 Restat
474 1439 561 1510 illud
579 1462 666 1509 nam
690 1441 779 1528 quod
802 1447 856 1511 est
878 1441 914 1509 in
937 1461 1040 1510 versu
1063 1443 1121 1510 55.
1153 1437 1251 1524 Quod
1276 1439 1332 1527 qui
1357 1439 1596 1528 accipiendum

334 1565 381 1632 sit
398 1564 526 1633 invitus
545 1559 714 1634 monstrat
733 1566 805 1653 ipse
819 1564 1101 1652 Lnettiohannes,
1119 1585 1196 1633 eum
1210 1565 1338 1651 lucano,
1362 1566 1417 1632 An
1434 1563 1594 1653 Cynthia,

331 1687 455 1776 iuquit,
475 1688 615 1775 exponit
634 1709 695 1758 cur
712 1689 943 1776 tergeminum
963 1709 1080 1760 canem
1101 1710 1151 1758 vs.
1171 1692 1230 1757 52.
1257 1688 1597 1758 commemoraverit?

335 1811 473 1882 -Nou
493 1832 558 1900 quo
577 1811 619 1882 ad
640 1834 758 1882 canem
777 1813 992 1902 potissimum
1007 1815 1074 1882 vim
1091 1814 1164 1882 eius
1179 1813 1371 1901 particulae
1391 1810 1594 1899 referamus3

332 1935 393 2005 sed
411 1941 526 2006 tamen
544 1937 630 2006 illud
649 1945 744 2008 recte
764 1938 985 2008 admonemur
1004 1937 1173 2007 rationem
1194 1938 1294 2007 reddi
1314 1957 1376 2008 cur
1394 1937 1487 2006 iuret
1505 1935 1596 2026 Gyn-

219 2047 221 2050 ’
331 2059 416 2131 thia.
445 2061 555 2151 Iurat,
578 2062 643 2132 etsi
667 2069 721 2132 est
739 2069 888 2149 mortua,
915 2068 948 2131 et
973 2062 1002 2131 si
1025 2060 1120 2131 fallat
1145 2062 1313 2130 tumulum
1336 2082 1434 2130 suum
1459 2067 1493 2130 et
1518 2082 1597 2131 ossa

331 2184 488 2275 devovet,
500 2187 539 2257 ut
554 2183 614 2272 qui
627 2186 745 2256 vivunt
760 2193 863 2274 caput
877 2206 977 2256 suum
992 2185 1160 2255 devovere
1176 2185 1297 2272 solent,
1314 2185 1404 2274 quod
1420 2190 1454 2254 et
1470 2184 1597 2273 duplex

332 2308 431 2379 sedes
451 2316 484 2380 et
504 2331 580 2380 sors
600 2316 653 2380 est
671 2317 885 2380 mortuorum
905 2316 940 2380 et
957 2311 1034 2398 ipsa
1048 2311 1082 2379 in
1099 2312 1267 2381 bonarum
1281 2309 1496 2398 fidarumque
1514 2309 1595 2379 sede

330 2435 511 2504 mulierum
527 2432 710 2521 ¹versatur3
732 2455 879 2522 quorum
898 2455 1002 2504 unum
1022 2439 1143 2522 aperte
1168 2433 1334 2523 declarat,
1354 2433 1502 2504 alterum
1522 2440 1595 2503 tec·
1702 2487 1706 2492 .

331 2558 400 2628 tius
420 2556 590 2646 significat
608 2579 675 2628 vss.
700 2563 759 2630 69.
782 2579 808 2627 ε.
865 2601 868 2606 »

455 2751 512 2822 Sic
532 2755 652 2823 mortis
671 2754 821 2822 lacrimis
840 2754 931 2822 vitae
951 2773 1111 2822 sananius
1131 2772 1281 2821 artiores:

509 2875 589 2946 Oelo
608 2897 672 2964 ego
690 2875 855 2964 perfidiae
874 2876 1018 2945 crimina
1036 2876 1143 2945 multa
1162 2882 1242 2944 tuae
1257 2915 1300 2926 -

331 3069 455 3159 quibus
477 3070 591 3140 verbis
617 3091 653 3141 se
679 3091 813 3159 quoque
837 3071 997 3141 maritis
1018 3073 1102 3140 sine
1125 3069 1269 3140 fraude
1294 3076 1332 3139 ut
1355 3068 1403 3138 ait
1426 3087 1591 3137 annume—
1666 3109 1673 3118 -

329 3200 395 3266 rat.
416 3195 537 3284 Neque
557 3197 695 3265 enimsi
715 3203 928 3265 mortuorum
948 3196 1066 3264 eadem
1091 3195 1239 3264 nmmum
1265 3214 1337 3264 sors
1361 3199 1454 3262 essct
1478 3212 1541 3260 nec
1564 3191 1593 3260 si

328 3321 406 3406 ipsa
425 3324 516 3389 esset
539 3321 605 3388 iam
630 3319 768 3406 misera,
794 3340 855 3408 per
879 3339 975 3389 suam
1000 3317 1144 3388 salutem
1167 3324 1286 3406 posset
1310 3319 1438 3386 iurare.
1478 3314 1593 3384 Facile

330 3447 444 3513 autem
462 3443 667 3529 intelligitur
687 3445 816 3513 ossium
835 3465 875 3513 ac
893 3443 1050 3512 Manium
1069 3448 1103 3512 et
1122 3442 1272 3530 quietem
1292 3441 1433 3510 eandem
1453 3446 1488 3510 et
1512 3458 1593 3528 sup·

328 3566 432 3655 plicia
460 3567 663 3638 existimari.
703 3565 870 3653 Similiter
898 3565 1031 3654 Iupiter
1061 3565 1201 3634 Thetidi
1224 3565 1315 3652 apud
1340 3565 1527 3634 Homerum
1550 3564 1592 3635 Il.

328 3691 357 3780 1,
380 3694 466 3763 524.
487 3713 531 3762 so.
553 3693 665 3781 aperit
689 3712 750 3761 cur
769 3691 819 3761 ita
837 3689 986 3762 affirmet
1005 3697 1044 3760 ut
1063 3687 1228 3760 affirmat:

452 3883 481 3953 ci
495 3875 538 3976 δ’,
560 3877 690 3976 ἄγετον
710 3880 844 3978 κεφαλῇ
864 3879 1129 3975 κατανεύσομαι,
1151 3877 1239 3976 ὄφρα
1258 3880 1436 3974 assotana

449 4013 547 4080 τούτο
566 4002 631 4102 γὰρ
651 4008 687 4094 ἐξ
706 4009 823 4101 dputes
842 4034 881 4101 γε
902 4006 970 4100 μετ’
993 3999 1193 4078 οὶῖεανοίτοιοι
1214 4007 1368 4099 μέγιστον

450 4137 592 4228 τέκμωρ·
614 4127 649 4203 ού
669 4130 735 4228 γάρ
754 4132 827 4225 ἐμοὶ
845 4122 1096 4228 παλινάγρετον,
1120 4117 1185 4201 ούδ’
1207 4123 1394 4220 ἀπατηλόν,

451 4252 516 4328 ούδ’
537 4249 769 4350 ἀτελεύτητον,
790 4252 818 4346 ὅ,
838 4283 870 4328 τι
889 4282 946 4327 κεν
964 4253 1099 4350 κεφαλῇ
1118 4246 1330 4327 κατανεύσω.

328 4454 367 4525 In
387 4455 496 4544 elegia
516 4461 658 4526 octava
676 4447 948 4526 Luettiohannes
967 4474 1034 4523 vso.
1061 4456 1118 4522 19.
1141 4473 1168 4520 s,

449 4653 577 4741 Turpis
596 4653 631 4721 iu
650 4672 775 4722 arcana
794 4651 911 4722 sonuit
930 4668 1016 4719 cum
1036 4649 1110 4716 rixa
1131 4646 1274 4716 taberna

503 4775 537 4847 Si
557 4777 628 4847 sine
647 4797 713 4865 me,
733 4773 842 4846 famae
861 4795 928 4844 non
948 4773 1020 4843 sine
1039 4771 1116 4841 labe
1135 4791 1231 4840 meae
1252 4809 1302 4821 -
