3600 5594
741 502 951 570 ..(19.-

212 711 298 782 nihil
316 711 439 782 attinet
467 731 634 801 quaerere
665 713 724 801 qui
753 712 842 782 alius
865 711 924 782 illo
948 712 1069 784 relicto
1096 713 1181 784 ordo
1208 713 1317 802 possit
1339 711 1475 784 inferri.

212 835 285 906 lam
308 834 486 907 dicendum
511 842 566 908 est
584 837 626 908 de
645 857 712 908 vss,
738 838 808 906 103
830 875 879 890 -
904 839 987 908 118.

245 1027 251 1050 '
319 1033 394 1104 Hoc
413 1051 522 1122 neque
542 1052 725 1104 arenosum
744 1029 877 1120 Libyae
896 1033 987 1102 lovis
1007 1033 1157 1122 explicat
1175 1037 1323 1122 antrum,

371 1159 443 1230 Aut
462 1158 528 1228 sihi
546 1157 749 1228 commissos
767 1154 856 1226 fibra
875 1156 989 1228 locuta
1008 1156 1112 1238 Deos,

220 1285 302 1352 105.
320 1283 394 1352 hut
412 1284 441 1353 si
461 1281 538 1372 quis
558 1288 670 1351 motas
690 1281 837 1352 cornicis
857 1281 1004 1351 senserit
1023 1281 1107 1370 alas,

372 1407 501 1478 Umbra
520 1426 629 1494 neque
649 1426 668 1476 e
686 1405 831 1492 magicis
849 1413 987 1475 mortua
1004 1406 1124 1495 prodit
1142 1406 1264 1496 aquis:

319 1530 529 1621 Aspicienda
547 1531 603 1600 via
623 1538 676 1599 est
695 1529 782 1599 caeli
802 1549 991 1617 versusque
1010 1551 1073 1619 per
1093 1536 1188 1602 astra
1261 1599 1263 1604 ,

373 1655 516 1726 Tramas
537 1663 572 1724 et
591 1653 634 1724 ab
654 1653 749 1725 zonis
770 1653 919 1741 quinqua
939 1655 1088 1742 petenda
1106 1653 1203 1726 fides.

319 1779 520 1868 Exemplum
542 1798 647 1868 grave
667 1777 735 1847 erit
754 1775 921 1848 Calchas:
942 1799 1088 1866 namque
1107 1778 1233 1849 Aulide
1253 1779 1356 1850 solvit

220 1905 303 1974 110.
373 1903 538 1976 illabens
558 1904 742 1973 haerentes
762 1900 804 1970 ad
823 1901 882 1990 pia
902 1899 991 1972 Saxa
1010 1908 1116 1990 rates,

255 2025 257 2030 ’
321 2028 416 2106 Idem
436 2025 724 2117 Agamemnoniae
742 2023 874 2095 ferrum
894 2026 1030 2097 cervice
1050 2026 1183 2115 puellae

371 2151 499 2238 Tinxit,
520 2156 554 2220 et
573 2151 713 2220 Atrides
733 2150 809 2220 vela
828 2157 974 2220 cruenta
993 2149 1109 2221 dedit:

320 2274 394 2345 Nec
413 2274 547 2344 rediere
566 2282 679 2345 tamen
699 2274 828 2344 Danai:
850 2283 886 2342 tu
907 2273 1023 2345 diruta
1040 2245 1161 2346 fletum

373 2398 555 2486 Supprime
575 2405 610 2468 et
628 2397 802 2468 Euboicos
822 2399 971 2488 respice,
990 2399 1105 2487 Troia,
1126 2399 1232 2470 sinus.

215 2525 301 2594 115.
318 2521 488 2612 Nauplius
508 2522 636 2592 ultores
657 2522 719 2591 sub
738 2530 872 2594 noctem
892 2523 1042 2612 porrigit
1060 2523 1168 2612 ignes,

369 2645 418 2714 Et
436 2652 533 2716 natat
553 2646 684 2716 exuviis
705 2645 852 2718 Graecia
869 2667 991 2736 pressa
1010 2648 1092 2717 suis.

317 2768 442 2840 Victor
461 2767 607 2859 Oiliade,
627 2790 711 2859 rape
731 2779 870 2840 nuncet
890 2771 993 2860 dilige
1013 2778 1136 2859 vatem,
1242 2785 1244 2790 ’

370 2890 480 2980 Quam
499 2898 594 2964 vetat
612 2893 711 2963 avelli
731 2900 827 2966 veste
846 2895 1006 2966 Minerva
1024 2917 1097 2966 sua.

213 3085 287 3156 Hos
312 3088 400 3158 enim
423 3087 694 3159 Luettiohauues
717 3109 751 3176 p.
775 3091 836 3158 35:
856 3110 900 3160 ss
921 3091 999 3160 ideo
1027 3090 1102 3160 loco
1127 3096 1261 3178 ureret,
1292 3087 1383 3177 quod
1406 3090 1477 3177 pri-

213 3231 307 3282 murn
330 3212 402 3282 hoc
427 3211 476 3301 (in
495 3231 546 3282 vs.
572 3209 671 3299 103.)
695 3211 778 3300 qnid
805 3211 850 3282 sit
876 3233 943 3283 non
971 3207 1202 3301 intelligatur3
1233 3211 1357 3282 deinde
1384 3213 1477 3300 quod

216 3355 339 3424 parum
357 3334 496 3425 planum
520 3336 565 3405 sit
590 3337 688 3405 cuius
716 3335 768 3405 rei
787 3334 934 3407 Calchas
961 3337 1097 3407 dicatur
1126 3335 1330 3425 exemplum,
1355 3336 1479 3426 quippe

213 3461 271 3548 qui
300 3480 366 3529 non
389 3461 529 3548 ignarus
553 3459 660 3530 fuisse
684 3459 904 3550 vaticinandi,
930 3460 991 3531 sed
1014 3460 1162 3531 oraculis
1190 3460 1260 3530 suis
1280 3459 1418 3531 Danaos
1440 3461 1477 3530 in

213 3583 352 3653 exilium
385 3603 527 3654 vocasse
555 3584 702 3673 dicatur,
728 3591 768 3654 ut
798 3605 867 3654 vss.
902 3588 973 3655 109
995 3626 1045 3636 —
1069 3587 1153 3654 118.
1183 3583 1268 3655 fides
1295 3584 1478 3672 horoscopi

211 3728 279 3778 non
298 3711 467 3794 augeatur
490 3708 550 3777 sed
579 3708 789 3796 invertatur3
819 3714 892 3778 tum
919 3709 1012 3797 quod
1040 3729 1108 3778 non
1136 3713 1304 3797 appareat
1331 3727 1398 3796 quo
1417 3706 1477 3778 ille

213 3831 358 3902 consilio
369 3829 508 3902 Troiam
525 3838 661 3919 captam
675 3833 873 3904 consoletur
891 3831 1100 3920 Aiacemque
1113 3830 1258 3901 libidine
1272 3839 1477 3918 pereuntem

213 3952 385 4041 derideat3
415 3953 563 4042 denique
586 3956 680 4043 quod
701 3977 751 4026 vs.
777 3960 861 4026 102.
883 3976 986 4026 versu
1009 3959 1095 4026 119.
1117 3954 1245 4043 optime
1269 3953 1475 4043 excipiatur.

210 4077 265 4149 Ex
282 4078 336 4148 his
356 4079 567 4168 argumentis
586 4087 800 4166 postremum
827 4081 879 4151 ita
902 4081 971 4150 vim
989 4079 1143 4168 habebit,
1168 4079 1197 4149 si
1223 4099 1301 4150 euru
1324 4079 1384 4167 qui
1402 4085 1475 4150 tra-

211 4201 306 4273 ditus
325 4210 378 4272 est
396 4222 561 4273 versuum
580 4200 735 4273 ordinem
753 4223 822 4272 non
841 4223 940 4290 posse
955 4204 1089 4274 servari
1105 4203 1378 4289 demonstratum
1391 4203 1476 4289 erit;

209 4307 246 4395 id
264 4326 378 4416 ipsum
390 4334 506 4398 autem
521 4327 564 4397 iis
583 4346 666 4417 quas
684 4327 948 4397 memoravimus
966 4327 1160 4398 rationibus
1181 4326 1380 4414 neutiquam
1395 4345 1476 4395 con-

210 4449 375 4519 vincitur.
386 4449 475 4521 Nam
493 4450 566 4522 hoo
585 4449 629 4522 ad
643 4471 775 4521 omnem
794 4451 978 4538 horoscopi
995 4451 1241 4522 divinationem
1255 4447 1476 4520 referendum

212 4580 275 4661 est,
302 4573 399 4643 cuius
421 4573 521 4644 modo
545 4574 613 4646 duo
638 4574 796 4665 exempla
824 4575 959 4664 prolata
983 4581 1080 4663 sunt,
1109 4579 1149 4644 ut
1171 4572 1266 4644 dicat
1288 4572 1347 4642 ille
1371 4573 1476 4644 talem

210 4699 233 4766 i.
257 4717 286 4767 e.
308 4704 379 4766 tam
399 4717 517 4776 veram
540 4699 783 4770 divinationem
799 4720 877 4786 ‚non
901 4698 1037 4769 aliunde
1062 4698 1124 4769 sed
1142 4719 1185 4769 ex
1205 4696 1381 4769 sideribus
1401 4717 1476 4767 esse

214 4821 448 4909 repetendam.
470 4820 526 4892 Sic
545 4809 610 4894 hio¹
632 4844 697 4912 pro
721 4823 797 4894 tali
820 4828 892 4896 tam
917 4841 1020 4914 saepe
1045 4823 1173 4894 dicitur
1194 4827 1234 4892 ut
1258 4820 1414 4910 exempla
1434 4840 1477 4891 ex

1263 4961 1280 5014 4
