3600 5594
726 507 935 575 ,21-

197 716 256 788 alii
275 735 312 788 se
330 721 403 787 tum
422 714 491 786 cito
510 713 620 786 amori
638 713 786 805 dedidit,
806 713 842 786 id
860 735 971 805 neque
986 715 1029 787 ab
1044 716 1153 806 ipsius
1171 727 1296 789 natura
1314 719 1464 792 alienum

197 844 340 931 statuas,
360 841 389 910 si
406 845 442 911 et
459 837 522 928 IV,
542 840 577 911 8.
598 844 634 910 et
648 838 693 931 ΙΙ,
712 841 773 911 23.
793 838 963 931 conferas,
983 860 1047 914 uec
1064 846 1197 931 pugnat
1215 862 1293 913 cum
1312 843 1353 914 iis
1373 864 1466 934 quae

196 964 289 1038 idem
317 960 460 1045 Ovidius
486 962 614 1034 ibidem
627 965 726 1035 441.
756 963 942 1055 praecipit,
971 971 1011 1036 ut
1038 965 1069 1035 si
1098 965 1174 1055 quis
1197 965 1356 1038 desinere
1379 966 1467 1038 velit

184 1107 316 1160 -emare
339 1107 462 1158 novum
486 1085 552 1157 sibi
575 1105 726 1157 amorem
748 1087 910 1160 inveniat.
955 1087 1138 1160 Postremo
1165 1088 1262 1160 addit
1286 1088 1465 1163 Garuttius

200 1231 290 1302 qnae
308 1211 351 1282 de
369 1210 467 1300 aquis
486 1208 617 1300 Stygiis
636 1211 794 1282 dicantur
814 1232 855 1283 ea
872 1216 910 1284 et
928 1232 1005 1285 cum
1023 1210 1149 1284 fabulis
1168 1221 1204 1284 et
1222 1234 1299 1284 cnm
1316 1214 1359 1285 iis
1379 1234 1466 1303 quae

112 1313 122 1344 ’
200 1345 357 1411 extrema
384 1339 421 1408 in
446 1338 559 1427 elegia
585 1340 819 1407 memorentur
846 1355 1011 1426 pugnare.
1058 1335 1107 1406 At
1130 1333 1289 1408 Cornelia
1316 1358 1394 1410 cum
1423 1339 1466 1410 de

197 1462 304 1554 Styge
322 1463 408 1533 nihil
425 1451 562 1552 narret,
589 1460 681 1551 quod
707 1464 838 1549 pugnet
865 1480 940 1531 cum
960 1460 1027 1532 hoc
1052 1463 1204 1536 carmine
1227 1465 1342 1537 dicere
1377 1467 1465 1537 nihil

198 1595 329 1677 potest3
349 1587 436 1658 alios
449 1591 565 1657 antem
581 1585 769 1675 scriptores
788 1602 850 1654 nec
864 1582 1062 1674 discrepare
1080 1586 1256 1659 interdum
1275 1585 1318 1659 de
1336 1609 1375 1660 re
1393 1595 1466 1661 tam

201 1710 348 1811 obscura
367 1711 490 1782 mirum
511 1715 575 1797 est,
595 1728 659 1779 nec
677 1713 792 1780 tumen
812 1727 930 1779 omnes
945 1709 1145 1800 discrepare
1158 1708 1259 1782 facile
1277 1731 1320 1783 ex
1334 1712 1377 1784 iis
1391 1733 1468 1785 cer-

198 1835 294 1905 nitur
311 1855 400 1925 quae
417 1834 553 1924 pridem
566 1835 603 1904 in
617 1831 872 1904 commentariis
890 1831 934 1902 ad
951 1832 1044 1904 hunc
1057 1833 1172 1906 locum
1187 1835 1352 1908 adnotata
1370 1841 1466 1908 sunt:

200 1956 568 2030 artuscensem.
597 1955 685 2027 falsa
703 1953 903 2026 existimans
921 1975 977 2045 ea,
1006 1977 1095 2045 quae
1124 1957 1166 2029 de
1194 1957 1315 2030 inferis
1334 1980 1468 2032 memo·
1539 1967 1542 1976 '
1567 2001 1572 2006 -

199 2089 335 2172 rantur,
355 2082 519 2153 divorso
538 2081 688 2152 itinere
707 2079 815 2150 malos
833 2077 967 2150 abonis
984 2079 1059 2151 loca
1077 2085 1180 2171 tetra,
1200 2081 1344 2174 inculta,
1364 2082 1465 2155 foeda

200 2209 304 2294 atque
332 2202 555 2276 formidolosa
582 2202 723 2275 habere.
751 2202 858 2293 Verg.
878 2204 964 2274 Aen.
986 2201 1048 2292 VI,
1071 2205 1158 2276 540.
1187 2204 1254 2276 Hic
1281 2206 1382 2278 locus
1411 2211 1467 2278 est

91 2419 96 2430 Δ
200 2327 311 2418 partis
329 2327 391 2398 ubi
409 2347 446 2398 se
465 2327 530 2398 via
548 2325 674 2398 findit
692 2327 732 2396 in
751 2325 897 2397 ambas.

280 2450 435 2521 Primam
453 2450 608 2540 elegiam,
629 2470 650 2520 a
667 2471 736 2539 qua
755 2449 899 2522 alteram
918 2459 1053 2539 partem
1072 2457 1223 2542 separat,
1239 2452 1281 2523 de
1297 2469 1364 2540 quo
1378 2451 1470 2526 iufra

198 2573 404 2662 videbimus,
424 2573 507 2642 item
527 2572 682 2663 alteram,
703 2578 875 2664 quartam,
896 2579 1039 2663 sextam,
1059 2595 1194 2661 nonam,
1210 2574 1377 2647 decimam
1392 2596 1470 2648 cum

198 2696 383 2788 Propertio
396 2696 554 2786 abrogat,
571 2695 832 2768 fundamentum
846 2697 955 2768 totius
969 2698 1276 2786 argumentationis
1290 2698 1356 2771 hoc
1370 2697 1467 2789 facit,

199 2828 239 2892 ut
256 2821 315 2890 illa
332 2819 524 2911 fragmenta
542 2826 656 2892 sumat
675 2822 749 2891 eius
768 2840 846 2893 esse
865 2823 1047 2912 poematis,
1068 2842 1135 2911 quo
1155 2822 1252 2893 Fasti
1271 2830 1318 2913 et,
1335 2828 1374 2895 ut
1388 2823 1468 2894 bar·
1531 2899 1535 2920 Ι

200 2945 284 3015 bare
303 2943 369 3032 ait,
387 2944 565 3034 religionis
584 2944 785 3017 Latinorum
802 2945 1010 3016 traditiones
1030 2951 1180 3017 tractata
1198 2943 1339 3017 fuerint.
1361 2944 1469 3034 Quale

201 3087 325 3159 poema
342 3088 452 3158 neque
471 3068 513 3138 ab
533 3069 609 3156 ipso
628 3067 811 3158 Propertio
830 3089 940 3157 neque
959 3088 1000 3139 eo
1019 3075 1157 3140 mortuo
1182 3068 1224 3139 ab
1244 3069 1364 3140 amicis
1392 3089 1469 3140 esse

201 3191 332 3264 editum
351 3211 393 3262 en
412 3211 452 3262 eo
470 3191 623 3282 coniicit,
643 3191 736 3281 quod
755 3190 899 3264 Ovidius
917 3212 1083 3281 nusquam
1103 3192 1178 3261 eius
1192 3190 1398 3261 mentionem
1416 3189 1469 3262 fa·

201 3317 286 3405 ciat,
306 3313 396 3405 quod
415 3316 491 3406 ipse
509 3315 572 3407 III,
595 3318 629 3387 3.
649 3336 717 3386 non
735 3315 948 3404 huiusmodi,
967 3313 1029 3385 sed
1047 3315 1180 3403 epicum
1196 3332 1233 3384 se
1247 3332 1369 3402 poema
1387 3335 1468 3386 uar-

201 3447 256 3510 ret
271 3440 440 3530 attigisse,
461 3439 552 3541 quod
568 3440 678 3511 oratio
693 3460 714 3510 a
727 3437 955 3528 Propertiana
969 3435 1106 3508 differat
1118 3437 1296 3528 multaque
1307 3435 1468 3510 Ovidium

200 3563 368 3634 imitantis
394 3563 540 3652 vestigia
566 3562 750 3652 praebeat,
779 3562 870 3653 quod
897 3563 1021 3633 harum
1048 3569 1170 3633 auctor
1197 3561 1384 3652 elegiarum
1404 3583 1468 3635 nec

120 3771 124 3778 .
201 3686 343 3758 Latinas
370 3706 434 3756 nec
462 3683 615 3756 Graecas
636 3684 777 3757 fabulas¹
795 3687 880 3758 satis
901 3687 1054 3776 cognitas
1072 3685 1210 3757 habeat.
1241 3684 1349 3757 Cuius
1367 3687 1466 3756 nobis

202 3809 510 3899 argumentationis
527 3830 591 3880 nec
608 3807 867 3882 fundamentum
886 3830 949 3881 nec
969 3819 1163 3880 ceterorum
1183 3808 1369 3897 quidquam
1388 3828 1467 3896 pro·

202 3933 274 4005 bat.
304 3934 393 4006 Nam
416 3933 587 4022 principio
606 3932 690 4004 illud
710 3909 822 4023 ipsum
843 3935 916 4005 siue
935 3953 1040 4005 causa
1058 3932 1208 4003 sumitur
1226 3951 1302 4003 esse
1320 3932 1379 4002 illa
1397 3953 1468 4003 ma·

202 4057 287 4142 ioris
306 4055 483 4129 cuiusdam
502 4057 545 4127 de
564 4059 674 4128 sacris
693 4064 729 4129 et
743 4056 864 4128 diebus
883 4056 1052 4147 poematis
1064 4053 1275 4145 fragmenta.
1296 4052 1394 4142 Quod
1409 4057 1468 4145 qui

204 4179 269 4251 sibi
287 4189 553 4272 persuaserunt,
575 4181 690 4254 Ovidii
709 4180 865 4270 exemplo
883 4180 1023 4269 impulsi
1042 4185 1134 4270 sunt,
1155 4181 1212 4270 qui
1232 4179 1325 4267 quod
1344 4180 1468 4251 Festos

203 4306 406 4394 composuit,
426 4304 643 4395 Propertium
664 4323 800 4396 quoque
820 4304 930 4374 simile
948 4323 1071 4394 poema
1090 4303 1205 4374 sinon
1223 4303 1413 4374 absolvisse
1431 4307 1468 4371 at

202 4428 381 4500 inchoasse
396 4435 513 4500 tamen
528 4430 782 4501 existimarunt.
802 4427 957 4517 Quorum
970 4427 1050 4498 luce
1066 4426 1193 4497 clarius
1208 4432 1352 4516 apparet
1366 4445 1468 4515 quam

202 4553 327 4622 vitiosa
345 4551 391 4622 sit
408 4551 638 4626 ratiocinatio.
687 4550 853 4623 Similiter
876 4552 967 4622 enim
985 4551 1153 4640 quispiam
1173 4548 1346 4638 conficiat,
1376 4549 1468 4640 quod

203 4675 347 4748 Ovidius
366 4681 474 4745 artem
489 4676 626 4748 amandi
640 4675 899 4765 conscripserit,
919 4694 1008 4764 quae
1028 4675 1181 4765 singulae
1200 4674 1330 4764 elegiae
1348 4677 1468 4747 huius-

204 4798 297 4871 modi
315 4805 502 4889 praecepta
516 4801 729 4891 contineant,
740 4819 799 4872 eas
819 4798 939 4906 similis
957 4799 1167 4887 maiorisque
1186 4801 1301 4890 operis
1320 4820 1394 4872 esse
1412 4820 1466 4870 rc·
