3600 5594
713 493 918 616 ...pp-

181 743 273 794 mum
294 726 350 812 sit,
370 703 613 814 ipsum'secum
634 722 866 816 pugnaturum
888 749 965 799 osse
978 729 1219 817 horoscopum,
1237 730 1293 818 qui
1315 752 1390 801 cum
1411 739 1446 802 et

183 858 261 918 ante
282 857 317 919 et
340 858 420 938 post
443 851 485 921 de
509 871 578 922 uno
603 873 720 923 amore
742 852 906 942 loquatur
931 852 995 922 hoc
1020 852 1168 923 disticho
1192 854 1282 925 idem
1302 855 1445 928 alterius

164 973 308 1042 amoris
331 975 539 1046 mentionem
562 975 677 1048 faciat.
704 976 793 1048 Nam
821 983 855 1047 et
872 976 1114 1065 'horoscopum
1142 998 1265 1048 rnrsus
1293 999 1312 1048 a
1340 999 1443 1052 versu

186 1099 269 1166 139.
299 1097 392 1186 loqui
426 1105 544 1170 contra
573 1101 846 1172 Heimreiohium
884 1100 1111 1189 demonstrat,
1141 1108 1176 1172 et
1203 1111 1377 1174 rostrum
1409 1115 1445 1176 et

182 1240 315 1290 ansam
337 1221 379 1292 de
400 1243 488 1293 novo
509 1245 618 1294 novae
637 1224 771 1314 puellae
791 1245 906 1295 amore
921 1224 1007 1294 dicit
1022 1225 1231 1315 accipienda.
1249 1227 1336 1298 Cum
1353 1229 1442 1298 enim

184 1364 269 1414 unus
289 1344 408 1416 hanins
429 1349 493 1418 etsi
514 1350 560 1418 sit
579 1349 703 1438 duplex
726 1349 776 1420 ita
799 1350 913 1420 excuti
938 1356 1100 1438 nequeat,
1131 1356 1169 1420 ut
1186 1372 1254 1422 una
1268 1361 1368 1442 parte
1387 1374 1442 1423 re-

180 1475 273 1538 mota
291 1470 400 1541 altera
418 1473 450 1542 is
469 1474 528 1561 qui
557 1483 676 1563 captus
706 1462 814 1544 fuerit
842 1473 952 1544 denuo
976 1475 1145 1563 capiatur,
1171 1472 1315 1546 alterum
1341 1497 1442 1548 unco

181 1591 327 1663 alterum
347 1617 443 1665 ansa
463 1603 670 1669 tormentum
693 1597 844 1687 duasque
872 1598 1015 1689 puellas,
1045 1619 1113 1668 non
1133 1620 1237 1669 unam
1256 1599 1441 1690 designari.

180 1717 217 1785 ln
240 1737 306 1805 qua
324 1723 622 1810 argumentatione
642 1723 792 1812 primum
820 1723 885 1792 hoc
910 1722 1143 1811 concedimus,
1172 1722 1355 1812 horoscopi
1375 1745 1442 1795 non

181 1842 377 1932 Appollinis
396 1845 459 1916 lios
482 1867 557 1916 csse
583 1867 721 1933 versus;
748 1867 954 1937 quamquam
978 1847 1075 1917 nobis
1100 1845 1249 1936 quidem,
1277 1854 1443 1940 utsupra

178 1968 389 2061 aperuimus,
411 1991 476 2040 non
496 1971 531 2041 hi
551 1971 671 2058 solum,
697 1972 756 2042 scd
781 1972 885 2042 'etiam
910 1972 1107 2059 superiores
1126 1972 1279 2041 eiusdem
1299 1945 1443 2043 essevi-

178 2091 313 2181 dentur,
339 2099 377 2162 ut
401 2095 549 2184 Apollini
570 2095 682 2165 nullus
707 2095 934 2184 relinquatur.
960 2095 1080 2184 Neque
1104 2094 1190 2164 illud
1215 2115 1391 2184 negamus,
1413 2097 1442 2166 si

179 2215 432 2288 transferantur
452 2221 485 2288 in
504 2219 608 2289 alium
637 2220 761 2308 locum,
782 2219 823 2290 de
852 2219 1011 2309 pluribus
1035 2217 1158 2307 puellis
1185 2239 1285 2307 posse
1309 2221 1416 2308 accipi
1432 2242 1459 2288 :¹
1550 2241 1553 2248 ·

181 2362 244 2432 quo
263 2341 338 2413 loco
358 2343 512 2427 inlibris
531 2344 773 2432 manuscriptis
793 2344 895 2432 positi
918 2343 998 2431 sint,
1023 2364 1089 2412 non
1108 2363 1221 2431 posse.
1244 2341 1311 2413 Sed
1333 2365 1440 2434 quan-

180 2471 251 2535 tum
270 2487 331 2536 nos
351 2467 507 2536 videmus
525 2468 611 2537 nihil
632 2476 686 2538 est
713 2469 747 2538 in
777 2469 819 2537 iis
844 2488 909 2556 quo
935 2467 977 2537 de
997 2487 1065 2537 uno
1085 2473 1145 2536 aut
1164 2467 1361 2540 continuato
1381 2477 1441 2540 aut

178 2590 415 2680 redintegrato
436 2611 553 2661 amore
574 2593 728 2680 cogitare
751 2591 1006 2682 prohibeamur.
1034 2590 1186 2660 Primum
1211 2591 1312 2680 onim,
1333 2593 1360 2661 si
1380 2614 1439 2663 ve-

178 2736 255 2785 rum
286 2714 493 2804 quaerimus,
520 2736 562 2786 ne
581 2717 703 2786 hamus
730 2715 866 2804 quidem
890 2737 910 2786 a.
928 2735 966 2785 re
987 2714 1118 2784 alienus
1138 2722 1203 2784 est.
1229 2715 1316 2786 Nom
1339 2717 1367 2786 si
1387 2719 1441 2808 pi·

179 2839 259 2926 scis,
279 2860 356 2910 cum
377 2840 547 2928 duplicem
569 2861 646 2910 cum
666 2861 745 2938 esca
764 2839 901 2910 hamum
921 2860 979 2909 ore
1000 2839 1142 2928 recepit,
1164 2860 1233 2909 una
1251 2840 1324 2910 eius
1343 2848 1441 2930 parte

180 2963 414 3050 apprehensus
443 2965 549 3034 iactat
568 2970 674 3054 caput
693 2970 728 3034 et
747 2970 785 3034 ut
805 2961 947 3035 Ovidius
968 2963 1017 3032 ait
1035 2962 1224 3034 Halieutic.
1248 2967 1307 3034 39.
1330 2985 1376 3034 ss.

335 3212 503 3284 Discursu
521 3211 633 3284 fertur
652 3213 747 3282 vario
766 3210 959 3301 fluctusque
977 3209 1128 3281 ferentes

332 3336 561 3426 Prosequitur
581 3343 789 3426 quassatque
808 3341 923 3424 caput,
945 3335 1026 3405 dum
1044 3334 1187 3404 vulnere
1206 3354 1328 3404 saevus

332 3459 465 3532 Laxato
486 3463 585 3532 cadat
603 3461 726 3532 hamus
745 3469 780 3530 et
800 3481 860 3530 ora
878 3459 1036 3548 patentia
1054 3459 1206 3546 linquat:

176 3727 238 3776 cur
274 3729 340 3779 non
369 3709 434 3780 hac
470 3711 547 3800 ipsa
580 3711 700 3799 capitis
733 3709 920 3780 iactatione
958 3709 1134 3779 contraria
1171 3727 1253 3795 pars
1290 3707 1360 3777 oris
1388 3708 1437 3778 al-

174 3836 251 3900 tero
289 3831 381 3902 hami
419 3854 502 3904 unco
539 3844 600 3904 aut
636 3834 823 3922 arripiatur
860 3840 921 3903 aut
956 3838 1070 3904 tamen
1104 3851 1205 3920 posse
1242 3831 1348 3920 arripi
1388 3832 1436 3899 vi-

174 3955 321 4026 deatur?
341 3955 462 4048 Neque
491 3958 580 4028 enim
600 3958 643 4028 ad
671 3962 787 4029 vivum
816 3958 931 4028 omnia
949 3958 983 4026 in
1003 3956 1231 4027 translatione
1250 3956 1439 4026 resecanda

174 4087 275 4170 sunt,
317 4082 378 4151 sed
415 4081 606 4171 claudicat,
650 4091 689 4153 ut
730 4084 845 4172 aiunt,
888 4083 998 4154 omnis
1036 4081 1271 4172 comparatio,
1308 4080 1437 4150 ridicu-

171 4205 265 4296 lique
294 4205 465 4298 videntur,
505 4208 564 4298 qui
593 4228 613 4278 a
640 4208 751 4296 poetis
779 4204 950 4296 flagitant,
988 4212 1027 4276 ut
1054 4207 1089 4275 in
1116 4206 1160 4276 iis
1185 4225 1272 4294 quae
1298 4225 1436 4290 compa-

171 4336 250 4399 rent
267 4331 449 4402 veritatem
470 4351 616 4422 semper,
636 4349 810 4419 nunquam
835 4331 984 4419 speciem
1009 4335 1208 4418 sequantur.
1229 4327 1364 4397 Verum
1383 4334 1436 4396 ta-

171 4473 248 4524 men
277 4455 341 4526 hoc
378 4456 491 4547 ipsum
524 4445 707 4527 admodum
740 4453 880 4524 dubium
915 4461 984 4542 est,
1024 4453 1113 4524 sitne
1140 4453 1225 4522 haec
1253 4448 1435 4520 translatio

171 4586 348 4669 sumptae
368 4601 407 4652 re
426 4580 625 4670 piscatoria.
645 4579 800 4650 Primum
822 4578 910 4648 enim
930 4577 997 4648 etsi
1021 4577 1147 4666 duplex
1165 4573 1288 4644 hamus
1308 4587 1436 4644 memo-

169 4710 270 4774 ratur
289 4725 309 4774 a
329 4705 451 4776 Persio
471 4703 543 4775 Sat.
561 4703 605 4793 V,
621 4707 694 4776 154
714 4702 855 4793 (duplici
873 4703 908 4771 in
928 4700 1103 4772 diversum
1122 4698 1290 4770 scindaris
1308 4698 1438 4788 hamo),

170 4847 292 4917 parum
317 4837 431 4900 tamen
455 4828 562 4919 liquet
585 4828 665 4920 quid
691 4829 736 4898 sit
753 4828 787 4898 in
816 4848 856 4898 eo
886 4846 1005 4916 uncus,
1040 4822 1123 4914 quid
1150 4844 1245 4911 ansa,
1273 4821 1356 4912 quid
1383 4810 1459 4891 ro?

1188 4960 1224 5013 4*
1272 5012 1273 5017 ,
