3600 5594
872 445 1083 514 ..86-

417 657 531 747 Negat
550 661 591 727 at
608 657 644 726 in
663 676 713 726 vs.
736 656 795 726 23.
817 654 944 724 iustam
964 651 1092 724 habere
1111 652 1379 741 oppositionem.
1420 653 1494 728 Our
1513 663 1618 748 neget

198 825 201 831 -
338 804 406 854 non
435 781 542 852 addit.
581 777 617 850 Si
646 777 729 866 quid
757 782 874 848 tamen
900 776 986 846 lieet
1013 776 1199 862 coniicere,
1228 775 1294 847 hoc
1323 777 1440 850 dicere
1463 779 1614 871 videtur,

340 905 440 977 mihi
461 903 551 994 quod
570 895 624 974 es't
643 908 724 991 post
742 907 794 990 at,
816 900 944 972 nemini
963 899 1021 970 alii
1041 900 1180 988 opponi,
1200 919 1278 969 cunr
1292 900 1393 989 prius
1407 903 1513 974 etiam
1524 901 1616 992 Gyn-

339 1030 413 1100 thia
431 1030 507 1117 ipsa
528 1026 570 1097 de
590 1046 627 1096 se
645 1025 821 1114 loquatur.
860 1025 911 1094 Ae
942 1043 1045 1111 saepe
1065 1021 1205 1112 quidem
1224 1041 1416 1111 pronomen
1435 1027 1617 1114 personale

339 1152 480 1223 additur
500 1147 611 1221 itaad
631 1147 909 1219 coniunctionem.
927 1150 978 1234 at,
999 1153 1039 1215 ut
1057 1145 1117 1216 alii
1131 1166 1302 1235 personae
1318 1153 1525 1236 opponatur,
1545 1150 1617 1220 sive

340 1295 381 1346 ea
408 1273 580 1364 oppositio
605 1272 695 1361 ipsis
722 1271 880 1358 persenis
905 1269 1117 1360 continetur,
1149 1270 1221 1341 sive
1241 1290 1320 1340 cum
1338 1269 1382 1340 iis
1402 1276 1493 1342 totas
1513 1272 1618 1343 simul

339 1397 531 1470 sententias
549 1395 780 1483 amplectitur.
819 1391 912 1464 Illud
932 1393 1039 1463 estin
1058 1393 1123 1482 IV,
1145 1371 1180 1482 3,
1203 1396 1269 1463 29:

446 1591 495 1661 At
514 1589 598 1658 mihi
617 1608 695 1659 eum
708 1592 835 1658 noctes
855 1586 993 1656 induxit
1011 1584 1148 1675 Vesper
1166 1606 1301 1657 amaras
1315 1626 1362 1639 —

341 1783 399 1854 ubi
418 1782 596 1852 Arethusa
617 1802 653 1851 se
672 1780 826 1869 Lycotae
845 1780 1006 1869 opponit;
1026 1778 1092 1868 ΙΙΙ,
1115 1780 1176 1867 25,
1202 1783 1261 1848 11.

450 1954 496 2044 At
515 1982 550 2044 te
570 1973 690 2045 celatis
709 1978 804 2043 aetas
824 1974 939 2061 gravis
958 1977 1083 2061 urgeat
1102 1971 1200 2042 annis
1215 2011 1258 2022 -—

342 2168 401 2238 ubi
419 2167 629 2256 Propertius
649 2165 834 2254 cynthiam
854 2165 921 2236 sibi
942 2166 1102 2254 opponit;
1123 2165 1167 2253 Π,
1192 2168 1253 2253 33,
1276 2169 1337 2234 21.

449 2363 498 2430 At
517 2368 555 2430 tu
576 2380 664 2448 quae
682 2366 802 2429 nostro
822 2359 966 2429 nimium
984 2358 1122 2448 placata
1143 2358 1264 2429 dolore
1284 2377 1382 2428 es·-

342 2553 402 2622 ubi
421 2553 508 2623 Isidi
528 2553 669 2642 opponit
689 2551 873 2642 Cynthiam
882 2575 899 2639 ;Ι
910 2553 957 2640 ΙΙ,
983 2556 1041 2640 16,
1067 2554 1129 2622 13:

450 2747 498 2814 At
516 2751 555 2848 tu
575 2765 663 2815 nune
684 2752 804 2816 nostro
824 2745 944 2815 Venus
964 2764 983 2814 ο
1005 2763 1172 2814 succurre
1192 2743 1303 2814 dolori
1316 2783 1365 2795 -

344 2937 404 3006 ubi
426 2935 598 3027 Cynthiae
618 2935 812 3025 Venerem;
833 2938 878 3025 ΙΙ,
901 2941 935 3025 5,
964 2939 1023 3007 17:

450 3131 498 3200 At
517 3135 555 3199 tu
574 3149 639 3218 per
658 3129 816 3201 dominae
835 3129 977 3202 Iunonis
998 3130 1114 3201 dulcia
1132 3131 1210 3200 iura

503 3252 614 3324 Parce
634 3253 703 3324 tuis
722 3255 845 3324 animis
865 3255 936 3325 vita
955 3274 1080 3325 nocere
1099 3255 1226 3325 tibi-

346 3463 404 3532 uu
424 3461 609 3552 cyanum
629 3463 712 3550 suu
735 3465 818 3533 aem
838 3465 866 3550 r,
889 3467 924 3552 o,
948 3467 1013 3534 ar:

453 3674 500 3744 At
518 3680 557 3744 tu
577 3694 637 3745 seu
656 3675 767 3745 mollis
789 3695 856 3763 qua
875 3674 987 3744 tendit
1006 3672 1102 3743 Ionia
1121 3694 1182 3743 seu
1203 3695 1270 3762 qua

508 3798 617 3887 Lydia
635 3798 771 3869 Pactoli
789 3798 894 3886 tingit
913 3802 1010 3866 arata
1029 3795 1146 3884 liquor
1159 3837 1207 3849 -

454 3961 504 3970 -
525 3921 615 3990 Tum
634 3921 700 3992 tibi
720 3922 749 3991 si
769 3940 836 4008 qua
855 3920 923 3989 mei
942 3918 1057 3991 veniet
1075 3940 1144 3990 non
1163 3922 1342 3992 immemor
1361 3922 1459 4012 hora,

507 4042 635 4113 Vivere
655 4063 710 4112 me
730 4041 817 4112 duro
837 4043 951 4114 sidere
971 4049 1087 4114 certus
1107 4046 1238 4116 eris-

349 4251 410 4320 ubi
430 4271 507 4320 cunr
526 4259 605 4323 ante
624 4251 693 4323 iam
714 4253 756 4324 de
776 4255 903 4326 misera
912 4251 1087 4344 Propertii
1110 4255 1310 4325 conditione
1331 4255 1470 4327 dicatur
1489 4276 1624 4327 omnem

351 4374 602 4463 oppositionem
621 4376 656 4445 in
676 4378 835 4464 personis
854 4379 1002 4467 positam
1021 4385 1177 4470 apparet.
1198 4417 1250 4429 -
1270 4377 1402 4449 Contra
1421 4385 1457 4451 et
1476 4400 1624 4469 persona

350 4516 519 4585 personae
539 4503 575 4570 et
594 4499 696 4570 simul
715 4503 888 4573 sententia
907 4502 1098 4573 sententiae
1118 4502 1304 4591 opponitur
1321 4503 1387 4592 III,
1411 4506 1471 4592 19,
1494 4506 1559 4574 25:

456 4691 507 4761 At
525 4712 584 4764 vos
601 4694 766 4785 innuptae
785 4692 922 4768 felicius
940 4695 1033 4766 urite
1052 4694 1170 4766 taedas
1182 4735 1229 4748 —
