3600 5594
861 495 1068 566 -106-

429 709 489 777 67.
519 705 609 776 Filia
629 715 666 776 tu
685 707 856 794 specimen
876 726 1043 778 censurae
1061 712 1143 776 nata
1161 711 1335 794 paternae,

569 830 639 901 Fac
657 835 777 901 teneas
798 851 900 900 unum
919 850 982 900 nos
1000 829 1136 902 imitata
1155 830 1278 900 uirum.
1300 869 1351 880 -

336 1041 432 1115 Idem
451 1050 530 1116 ante
549 1065 598 1115 us.
622 1046 681 1113 63.
707 1043 851 1114 collocat
870 1064 919 1114 us.
942 1046 1003 1114 97.
1024 1065 1051 1113 s.

483 1257 530 1330 Et
552 1235 645 1328 bene
661 1257 785 1344 habet3
807 1277 989 1345 numquam
1008 1261 1120 1326 mater
1137 1255 1298 1344 lugubria
1320 1257 1464 1346 sumpsi:

537 1381 646 1452 Venit
663 1382 699 1451 in
719 1382 880 1470 exequias
899 1387 972 1452 tota
991 1387 1129 1452 caterua
1146 1401 1241 1450 meas
1259 1421 1309 1434 -

336 1597 417 1687 quia
436 1599 472 1666 et
490 1595 660 1667 sententia
682 1595 756 1665 eius
777 1593 846 1665 loci
870 1615 948 1665 cum
971 1594 1149 1682 superiore
1172 1593 1360 1692 liberorum
1392 1581 1596 1670 commemo·

337 1721 469 1792 ratione
498 1719 701 1806 cohaereat,
732 1738 842 1807 neque
869 1717 976 1789 verba
1003 1719 1054 1789 Et
1080 1717 1179 1788 bene
1206 1717 1329 1802 habet
1355 1719 1439 1792 alibi
1465 1723 1599 1809 possint

337 1847 422 1916 satis
439 1846 598 1936 intelligi.
627 1844 848 1915 Antecedunt
867 1849 982 1913 autem
1000 1842 1038 1912 hi
1055 1862 1189 1914 versus:

377 2060 437 2129 95.
458 2055 556 2145 Quod
575 2056 658 2127 mihi
678 2054 873 2126 detractum
893 2060 957 2144 est,
977 2058 1112 2124 vestros
1131 2055 1275 2126 accedat
1292 2055 1336 2124 ad
1354 2075 1472 2128 annos.
1514 2099 1517 2110 ·
1592 2074 1593 2080 ’

511 2179 612 2253 Prole
629 2200 706 2251 mea
722 2178 879 2250 Paullum
898 2179 947 2249 sic
966 2178 1062 2251 iuvet
1080 2197 1157 2249 esse
1180 2199 1307 2250 senem.
1332 2220 1376 2231 —

228 2451 232 2462 ·
335 2414 384 2485 At
405 2413 529 2486 melius
552 2413 594 2484 de
616 2412 660 2483 iis
685 2410 788 2482 etiam
813 2430 898 2499 quos
924 2414 1099 2501 oppugnat
1120 2409 1205 2481 locis
1231 2408 1430 2500 iudicasset,
1460 2409 1490 2482 si
1514 2412 1599 2484 satis

337 2538 593 2610 considerasset
611 2556 697 2626 quae
716 2535 820 2605 huius
840 2534 971 2622 elegiae
985 2541 1075 2605 esset
1088 2533 1177 2604 ratio
1192 2539 1229 2604 et
1243 2535 1458 2624 compositio.
1479 2534 1600 2608 Omnis

338 2663 427 2734 enim
442 2662 517 2734 eins
536 2661 704 2732 orationis
723 2679 810 2749 quae
829 2663 909 2747 post
926 2656 1041 2730 Paulli
1061 2658 1328 2730 consolationem
1348 2658 1419 2730 sive
1434 2680 1454 2730 a
1468 2680 1518 2731 vs.
1539 2665 1596 2732 15.

337 2787 421 2876 sive,
449 2787 478 2856 si
502 2784 682 2856 exordium
706 2783 858 2871 excipias
881 2804 902 2854 a
923 2803 974 2853 us.
997 2785 1058 2852 29.
1084 2781 1231 2870 orditur,
1254 2789 1371 2871 partes
1394 2791 1476 2854 sunt
1498 2784 1599 2876 duae,

338 2929 483 3002 quarum
505 2906 651 2978 inferior
676 2907 712 2976 in
739 2907 927 2978 liberorum
956 2911 992 2977 et
1016 2905 1134 2976 mariti
1160 2910 1282 2977 mutua
1308 2907 1599 2980 commendatione

336 3033 564 3121 consumitur,
598 3031 755 3124 superior
785 3031 822 3122 in
854 3051 979 3120 genere
1011 3029 1166 3102 funebris
1193 3029 1402 3118 inundationis
1429 3038 1598 3103 uersatur.

338 3155 424 3229 Gnm
443 3162 560 3228 autem
578 3175 640 3243 per
657 3155 723 3226 hoc
748 3175 846 3244 opus,
871 3161 909 3225 ut
931 3153 1181 3242 Quinctilianns
1204 3154 1265 3244 ait,
1289 3175 1357 3225 non
1377 3176 1444 3224 una
1462 3155 1519 3226 via
1538 3156 1600 3228 du·

337 3285 448 3370 catur,
468 3277 631 3350 Cornelia
648 3277 742 3349 hunc
766 3278 919 3349 ordinem
943 3278 978 3350 in
1003 3277 1269 3350 demonstranda
1292 3277 1362 3349 vita
1384 3277 1538 3368 adhibet,
1562 3286 1601 3350 ut

336 3404 486 3494 primum
513 3403 650 3491 generis
678 3402 858 3473 nobilitate
886 3407 1088 3489 memorata,
1119 3401 1242 3470 deinde
1270 3401 1480 3474 matrimonii
1508 3401 1602 3476 facta

337 3529 511 3598 mentione
534 3547 612 3596 cnm
637 3527 817 3615 utriusque
846 3526 1013 3614 dignitate
1041 3544 1176 3595 morum
1204 3544 1345 3595 suornm
1372 3525 1490 3597 laudes
1519 3548 1600 3599 con-

336 3656 433 3724 texat
451 3650 621 3741 fidemque
639 3649 849 3721 matrimonii
867 3655 903 3721 et
920 3651 956 3720 in
975 3653 1120 3718 matrem
1138 3648 1304 3739 pietatem
1322 3651 1512 3742 praedicet,
1528 3657 1599 3723 tum

337 3776 381 3848 ab
400 3775 465 3847 hac
484 3781 645 3865 tanquam
665 3774 709 3845 ad
732 3775 888 3864 praemia
910 3775 985 3844 eius
1009 3774 1052 3843 ad
1077 3772 1199 3844 mortis
1225 3781 1425 3846 ornamento
1446 3783 1601 3848 transeat

336 3900 441 3990 inque
459 3898 502 3970 iis
526 3899 657 3990 matris,
682 3899 789 3986 urbia,
813 3898 963 3985 Augusti
986 3899 1282 3986 comprobationes
1306 3904 1342 3970 et
1363 3899 1489 3989 luctus,
1514 3900 1600 3972 libe-

337 4042 397 4093 ros
411 4027 510 4094 natos
524 4030 560 4094 et
574 4021 793 4111 superstites,
813 4018 932 4090 fratris
950 4021 1101 4094 honores
1119 4029 1308 4096 enumeret.
1330 4023 1387 4095 Sic
1406 4024 1496 4097 enim
1514 4024 1601 4096 hacc

338 4165 414 4218 esse
432 4147 525 4218 inter
543 4166 580 4218 se
599 4164 754 4215 connexa
771 4148 810 4213 ut
828 4150 987 4234 putemus
1009 4150 1046 4215 et
1067 4149 1312 4236 praeceptione
1337 4167 1458 4217 eorum
1477 4149 1535 4238 qui
1558 4148 1600 4219 de

227 4307 230 4314 .
337 4275 413 4341 arte
431 4268 593 4344 laudandi
611 4267 822 4357 scripserunt
846 4274 881 4338 et
903 4269 1073 4342 similibus
1097 4271 1242 4343 aliorum
1267 4269 1524 4344 laudationibus
1545 4273 1601 4343 vel

338 4392 628 4466 consolationibus
647 4431 691 4444 --
710 4413 788 4463 uam
807 4413 931 4483 magua
949 4414 1030 4482 pars
1050 4399 1104 4465 est
1122 4393 1368 4466 consolationis
1386 4394 1539 4467 laudatio
1552 4430 1599 4448 -

337 4518 549 4590 adducimur.
569 4515 659 4588 Nam
669 4516 803 4589 Auctor
817 4516 860 4588 ad
875 4516 1088 4588 Herennium
1102 4518 1166 4607 III,
1182 4521 1217 4588 7.
1233 4523 1415 4607 postquam
1429 4521 1600 4609 quomodo

337 4641 382 4714 ab
410 4642 563 4714 externis
591 4641 712 4729 rebus,
742 4662 762 4713 a
791 4643 945 4732 corporis
976 4643 1175 4732 commodis,
1205 4642 1247 4714 ab
1280 4644 1384 4714 animi
1411 4643 1600 4716 virtutibus

336 4765 470 4838 laudari
489 4766 689 4839 conveniret
707 4766 877 4859 exposuit,
898 4767 935 4838 Si
950 4765 1132 4856 interierit,
1152 4767 1275 4858 inquit,
1296 4766 1489 4840 cuiusmodi
1507 4789 1600 4840 mors
