3600 5594
848 455 1055 524 „23-

320 659 427 732 certis
454 639 589 752 legibus
618 682 703 752 quae
728 662 763 732 in
786 664 877 734 bunc
896 663 1007 735 locum
1025 684 1093 735 non
1112 664 1238 736 cadant
1257 667 1487 757 contiqeatur,
1517 667 1581 740 hoc

320 789 436 854 autem
454 761 489 855 in
507 785 597 857 libro
614 786 710 874 leges
724 787 951 875 prosodiacae
966 787 1163 876 religiosius
1179 807 1280 878 quam
1294 790 1327 860 in
1343 790 1581 879 superioribus

321 906 559 980 observentur.
590 909 780 981 Praeterea
797 911 882 983 haec
902 909 1013 983 affert.
1043 910 1223 986 Offendere
1242 913 1277 982 in
1296 913 1413 1004 priore
1433 911 1581 986 disticho

319 1031 480 1102 omissum
498 1033 655 1124 verbum,
686 1034 777 1123 quod
804 1040 893 1106 erat
915 1035 969 1106 vel
988 1042 1103 1107 erant
1122 1034 1222 1108 facile
1242 1057 1284 1108 ex
1302 1037 1445 1126 reliquis
1465 1039 1580 1112 verbis

318 1155 532 1246 intelligatur
556 1175 620 1228 nec
649 1157 769 1228 stetit
795 1159 849 1229 vel
876 1165 1082 1230 steterunt
1110 1180 1151 1230 ex
1178 1158 1342 1232 inferiore
1365 1162 1399 1230 in
1424 1163 1582 1251 superius

318 1278 490 1351 distichon
508 1281 618 1369 possit
635 1283 802 1371 revocari,
823 1302 901 1353 cum
915 1282 1070 1380 Bovillae
1089 1283 1270 1355 etiamtum
1288 1287 1461 1375 steterint,
1481 1287 1583 1358 turba

319 1409 434 1474 autem
452 1404 495 1474 ad
515 1404 606 1475 cives
624 1424 692 1476 non
710 1405 752 1476 ad
771 1405 892 1477 urbem
912 1402 1100 1477 Gabiorum
1119 1414 1262 1497 spectet.
1309 1407 1444 1480 Deinde
1467 1410 1582 1499 inepte

319 1525 389 1596 dici
416 1525 565 1597 Bovillas
592 1529 783 1616 posteriore
810 1533 965 1616 tempore
993 1526 1102 1599 fuisse
1132 1529 1364 1619 suburbanas,
1399 1531 1478 1601 olim
1514 1551 1581 1602 non

318 1647 440 1741 fuisse,
461 1671 537 1722 cum
556 1658 649 1723 certe
668 1658 742 1722 tum
762 1671 897 1741 quoque
911 1672 977 1723 non
993 1653 1099 1724 multo
1113 1655 1319 1726 remotiores
1334 1653 1475 1726 fuerint.
1495 1646 1581 1728 Tum

321 1771 423 1846 Gabi
440 1795 504 1865 pro
523 1775 643 1848 Gabii
661 1774 849 1866 offendere,
879 1796 957 1848 cum
984 1784 1123 1865 praeter
1150 1778 1190 1849 di
1217 1799 1281 1868 pro
1310 1777 1382 1868 dii,
1410 1779 1422 1848 i
1450 1799 1512 1868 pro
1540 1779 1581 1869 ii,

319 1896 421 1968 idem
442 1919 505 1988 pro
524 1899 644 1970 iidem
664 1900 700 1970 in
717 1900 937 1972 nominativis
955 1900 979 1969 ll
997 1901 1031 1970 in
1051 1901 1063 1970 i
1082 1921 1148 1971 non
1167 1902 1406 1992 cantrahatur,
1429 1881 1457 1972 si
1475 1901 1581 1992 Verg.

321 2025 407 2094 Aen.
428 2022 512 2110 Vll,
535 2025 620 2095 631.
660 2023 789 2114 (Ardea
808 2021 1092 2112 Crustumerique
1112 2030 1148 2094 et
1167 2025 1361 2113 turrigerae
1381 2024 1583 2114 Antemnae)

319 2148 479 2238 excipias,
500 2147 559 2218 ubi
577 2149 725 2219 metrica
743 2147 1054 2222 necessitatehaec
1073 2148 1264 2220 contractio
1284 2147 1502 2238 defendatur,
1522 2169 1585 2221 nec

320 2271 505 2362 quidquam
529 2293 571 2344 ex
593 2271 876 2360 inscriptionibus
894 2272 954 2343 ubi
972 2271 1043 2342 sint
1061 2271 1188 2344 similes
1207 2275 1456 2345 contractiones
1474 2274 1584 2365 possit

320 2395 452 2467 cortiici.
473 2396 631 2484 Denique
650 2394 820 2466 offendere
839 2396 1069 2486 synaloephen
1088 2395 1122 2466 in
1141 2397 1259 2486 longe
1280 2404 1381 2469 erat.-
1427 2398 1517 2470 Nam
1541 2417 1583 2468 ne

320 2521 355 2591 in
374 2521 484 2593 altera
501 2521 649 2612 quinarii
667 2525 768 2610 parte
786 2521 908 2610 longae
926 2521 1066 2591 brevem
1082 2519 1327 2610 subiungerent
1345 2527 1464 2611 poetas
1484 2523 1583 2594 anxie

321 2647 470 2736 cavisse,
499 2665 538 2716 ac
567 2645 597 2714 si
625 2650 739 2715 tamen
758 2644 976 2732 reperiantur
995 2643 1129 2733 aliquot
1147 2645 1302 2734 exempla
1322 2643 1465 2736 Catulli,
1495 2644 1583 2716 Pro·
1655 2673 1659 2683 ¹

319 2769 436 2859 pertii,
451 2769 602 2840 auctoris
617 2767 783 2857 epistolae
799 2767 937 2838 Acontii
952 2767 994 2837 ad
1011 2766 1188 2857 Cydippen
1198 2767 1312 2859 (Ovid.
1326 2769 1467 2841 Heroid.
1479 2769 1581 2858 XX.),

320 2892 481 2982 Ausonii,
506 2899 622 2964 tamen
652 2912 716 2962 nec
750 2890 938 2979 Catullum,
968 2891 1026 2978 qui
1053 2891 1251 2963 liberiorem
1278 2913 1378 2964 usum
1406 2897 1581 2982 sequatur,

319 3037 428 3106 neque
447 3017 651 3106 Ausonium,
673 3017 731 3107 qui
749 3018 915 3105 temporis
935 3017 981 3086 sit
997 3017 1218 3107 posterioris,
1236 3016 1424 3106 quidquam
1444 3016 1582 3087 demon-

320 3147 449 3228 strare3
477 3148 513 3212 at
533 3142 624 3230 quod
642 3143 677 3212 in
695 3142 841 3231 epistola
859 3140 998 3212 Acontii
1017 3143 1061 3232 (v.
1087 3141 1187 3232 178.)
1209 3141 1359 3211 dicatur:
1381 3143 1492 3210 certe
1512 3157 1584 3226 ego

320 3265 453 3335 salvus
473 3285 557 3354 ero,
586 3285 774 3354 pronomen
802 3285 874 3356 ego
899 3266 1098 3354 saepissime
1117 3265 1268 3335 omnium
1287 3264 1409 3352 longae
1429 3261 1584 3351 syllabae
1635 3254 1638 3261 ’

321 3387 459 3477 subiici,
481 3388 638 3477 quodque
657 3389 860 3477 Propertius
878 3389 923 3479 II,
948 3393 1007 3478 14,
1032 3391 1090 3458 18.
1121 3387 1229 3458 dicat:
1259 3406 1371 3456 nemo
1391 3386 1431 3456 in
1449 3406 1583 3456 amore

320 3510 446 3600 videt,
467 3512 695 3599 quantitatem
719 3512 1021 3598 nominativorum,
1051 3511 1310 3598 adverbiorum,
1340 3510 1526 3582 verborum
1550 3510 1584 3579 in

321 3654 340 3705 0
363 3634 591 3706 desinentium
619 3655 687 3705 non
715 3635 867 3706 eiusdem
889 3656 928 3705 ac
947 3641 1080 3706 ceteras
1098 3635 1217 3725 longas
1236 3655 1310 3705 esse
1329 3641 1489 3724 naturae,
1523 3633 1584 3704 sed

321 3758 378 3829 illo
396 3759 465 3828 iam
485 3767 638 3847 tempore
653 3759 793 3830 brevem
808 3779 850 3830 ex
863 3761 966 3847 longa
979 3756 1065 3828 fieri.
1088 3757 1146 3828 Sic
1159 3757 1457 3847 Eschenburgius:
1479 3754 1583 3827 Cuius

316 3881 365 3952 ad
382 3883 532 3972 primum
552 3891 805 3974 argumentum,
827 3883 907 3972 quia
926 3903 992 3953 non
1011 3880 1175 3953 adversus
1191 3883 1346 3953 codicum
1366 3890 1401 3952 et
1410 3879 1584 3970 Propertii

321 4005 427 4076 verba
450 4005 510 4075 sed
533 4006 698 4077 adversus
718 4008 949 4080 coniecturam
968 4005 1177 4077 Lachmanni
1197 4006 1367 4078 directum
1386 4014 1455 4091 est,
1485 4004 1583 4075 nobis

320 4151 387 4200 non
406 4135 525 4201 contra
544 4150 584 4200 ea
603 4150 690 4219 quae
708 4131 782 4221 ipse
801 4127 951 4222 profert,
982 4131 1043 4202 sed
1073 4137 1193 4201 contra
1211 4150 1287 4200 eum
1308 4149 1406 4218 quem
1428 4128 1584 4218 sequitur

320 4255 574 4326 Lachmannum
594 4254 837 4342 disputandum
857 4255 932 4324 erit.
973 4253 1040 4325 Hic
1068 4254 1104 4322 in
1132 4251 1281 4323 editione
1306 4252 1384 4322 anni
1407 4251 1519 4324 1816.
1540 4249 1584 4322 ad
1638 4223 1649 4246 ’

320 4400 371 4449 vs.
394 4382 453 4450 33.
501 4379 715 4470 Interpretes
734 4377 903 4469 Bovillas,
924 4378 1051 4467 inquit,
1073 4377 1183 4446 minus
1204 4376 1418 4446 suburbanas
1438 4375 1506 4446 dici
1524 4394 1583 4444 vo·

321 4503 406 4590 lunt,
426 4524 502 4574 cum
520 4502 706 4574 verborum
726 4502 904 4573 collocatio
924 4499 1091 4591 postulat,
1120 4504 1160 4570 ut
1188 4499 1287 4570 urbe
1311 4499 1441 4570 minus
1460 4515 1585 4588 parva

321 4627 513 4716 iungamus,
534 4626 624 4716 quod
644 4626 829 4699 absurdum
848 4625 949 4698 foret.
998 4624 1087 4712 Quin
1110 4623 1262 4694 Bovillae
1281 4628 1353 4694 tum
1373 4643 1438 4694 non
1459 4623 1583 4709 minus,

326 4749 386 4821 sed
412 4749 513 4839 plane
540 4771 607 4822 non
635 4751 853 4824 suburbanae
882 4756 989 4820 erant.
1037 4748 1192 4836 Repone:
1218 4745 1349 4838 Quippe
1368 4745 1585 4820 suburbanae
