3600 5594
752 505 959 572 -109-

224 726 368 790 naturae
398 716 551 787 ordinem
581 722 659 786 anto
688 722 851 804 parentes
879 720 1046 802 mortuae,
1076 713 1172 784 urbis
1201 713 1351 802 querelis
1379 716 1486 785 inter-

224 845 348 936 positis
377 840 609 912 admonemur.
640 838 738 926 Quod
757 859 838 909 voro
857 861 907 908 vs,
932 841 989 908 17.
1016 836 1142 909 dictum
1169 846 1238 910 est:
1269 841 1488 910 Immatura

223 971 313 1041 licet.
336 971 418 1040 cett.
444 1005 501 1054 —-‚
527 985 566 1034 eo
590 964 771 1053 quominus
792 964 858 1032 vim
882 963 1122 1034 adversativae
1146 966 1335 1053 particulae
1358 969 1488 1042 relere-

224 1114 300 1165 mus
324 1091 472 1183 plurima
495 1088 554 1157 illa
578 1087 717 1157 obstant
739 1107 826 1176 quae
850 1088 984 1156 interea
1006 1092 1158 1158 tractata
1181 1097 1273 1160 sunt.
1307 1091 1344 1163 Si
1373 1104 1488 1167 autem

225 1218 261 1288 id
285 1236 352 1307 quo
375 1219 510 1303 spectat
534 1211 702 1300 oppositio
725 1211 758 1279 in
779 1211 945 1299 proximis
975 1213 1206 1299 quaerendum
1233 1220 1296 1295 θεῖ,
1328 1221 1487 1305 quoniam

225 1339 325 1412 modo
353 1339 467 1408 luctus
494 1336 669 1406 hominum
700 1341 754 1405 θεῖ
781 1342 1005 1423 memoratus,
1039 1336 1103 1405 hoo
1136 1335 1290 1410 declarat
1318 1340 1488 1436 Cornelia,

223 1466 335 1556 lugeri
360 1485 395 1534 se
420 1460 730 1548 vehementissime,
760 1459 915 1548 quamvis
939 1459 1030 1548 quod
1054 1461 1284 1534 omnia'vitae
1313 1470 1490 1540 commoda

225 1597 260 1661 et
286 1590 435 1660 honores
460 1591 604 1673 experta
626 1585 672 1654 sit
694 1581 788 1652 nulla
811 1585 924 1672 magni
948 1585 1193 1668 luctus'oausa.
1212 1609 1288 1659 esse
1316 1591 1487 1667 videatur.

224 1714 323 1784 Hanc
355 1712 444 1781 enim
474 1709 644 1779 rationem
676 1708 765 1776 inter
799 1707 992 1796 lugentium
1021 1709 1179 1780 dolorem
1212 1713 1371 1804 vitaeque
1400 1739 1490 1790 oom-

224 1837 327 1909 moda
353 1838 541 1925 impetrata
562 1833 779 1904 intercedere
803 1840 838 1902 et
862 1833 973 1904 Servii
996 1833 1176 1925 Tacitique
1201 1859 1290 1926 quae
1313 1842 1491 1915 attulimus

225 1962 330 2034 verba
358 1959 546 2047 declarant,
575 1964 621 2046 et,
652 1964 690 2028 ut
717 1956 786 2028 alia
812 1956 920 2027 multa
948 1959 1135 2049 mittamus,
1164 1962 1339 2036 Ausonius
1366 1967 1488 2056 Epita-

224 2087 303 2178 phio
323 2083 474 2156 XXXII:

383 2277 506 2351 Omnia
526 2295 612 2364 quae
631 2276 732 2364 longo
753 2276 843 2345 vitae
863 2276 1050 2363 cupiuntur
1073 2277 1107 2346 in
1126 2299 1210 2351 aevo

384 2404 476 2472 Ante
495 2405 617 2488 quater
637 2399 776 2485 plenum
795 2400 966 2468 consumit
984 2399 1108 2471 Anicia
1126 2402 1285 2475 lustrum.

383 2523 501 2595 Infans
515 2505 672 2608 'lactavit
696 2522 804 2610 pubes
823 2530 858 2592 θῖ
877 2524 975 2610 virgo
995 2523 1155 2595 adolevit.

383 2647 523 2736 Nupsit,
544 2647 714 2736 concepit,
733 2647 880 2735 peperit,
901 2647 969 2718 iam
988 2653 1100 2718 mater
1119 2648 1238 2722 obivit.

313 2759 316 2766 ⁴
384 2772 467 2862 Quis
487 2778 634 2841 mortem
654 2769 816 2841 accuset?
841 2771 1002 2859 quianon
1022 2780 1164 2844 accuset
1182 2775 1216 2844 in
1235 2776 1316 2848 illa?

383 2895 519 2966 ,aetatis
538 2895 672 2966 meritis
691 2915 776 2964 anus
795 2900 860 2983 θεῖ,
884 2901 999 2966 aetate
1019 2897 1146 2985 puella.

225 3121 278 3192 Ne
302 3119 379 3210 quis
407 3125 523 3188 autem
553 3124 707 3205 quaerat,
737 3137 798 3187 cur
826 3116 893 3187 hoo
916 3117 1130 3204 potissimum
1155 3128 1385 3192 memoretur:
1415 3125 1493 3214 quis

225 3265 292 3316 nou
320 3237 418 3313 videt
443 3260 636 3310 maerorem
663 3240 854 3327 lugentium
886 3248 1044 3311 mortuae
1078 3263 1119 3312 eo
1153 3241 1493 3318 honorificentiorem

226 3388 314 3459 esse,
339 3387 404 3456 quo
428 3366 535 3435 maior
559 3365 633 3434 eius
657 3385 738 3452 pars
762 3385 859 3434 suam
883 3365 930 3434 sit
952 3367 1121 3436 iacturam
1145 3367 1335 3438 dolentium
1358 3390 1493 3459 quoqne

104 3522 106 3526 ·
225 3494 393 3563 minorem
418 3489 483 3560 sibi
506 3495 641 3576 partem
665 3487 905 3558 misericordia
928 3490 1100 3560 vindicet?
1120 3531 1166 3542 -
1188 3491 1261 3562 Nec
1282 3491 1420 3565 difficile
1440 3495 1491 3565 in-

225 3619 367 3690 tellectu
388 3621 452 3704 est,
474 3612 644 3702 quomodo
664 3634 733 3682 vss.
756 3614 923 3682 67-70.
944 3613 1133 3700 accipiendi
1157 3617 1244 3684 sint:

438 3832 527 3902 Filia
546 3839 584 3901 tu
604 3831 779 3920 specimen
797 3849 961 3900 censurae
982 3836 1062 3898 nata
1080 3838 1243 3917 paternae

492 3955 562 4026 Fac
582 3975 686 4024 unum
708 3940 824 4024 teneas
844 3974 906 4023 nos
926 3953 1060 4024 imitata
1077 3939 1200 4023 virum.

439 4081 485 4150 Et
503 4080 593 4149 serie
613 4077 732 4149 fulcite
750 4098 877 4166 genus3
901 4079 985 4147 mihi
1004 4078 1128 4169 cymba
1145 4081 1273 4150 volenti

492 4201 648 4273 Solvitur
666 4202 819 4272 aucturis
838 4207 890 4272 ῖοῖ
908 4223 984 4274 mea
1002 4200 1073 4272 fata
1090 4204 1189 4274 meis.

229 4412 383 4482 Primum
407 4415 495 4484 enirn
518 4413 657 4502 planum
681 4419 823 4483 estnon
848 4414 1039 4484 continuari
1059 4415 1092 4484 id
1113 4415 1204 4503 quod
1227 4415 1328 4486 modo
1352 4415 1395 4486 de
1412 4413 1492 4485 liliis

228 4535 360 4606 duobus
384 4535 516 4608 dictum
540 4545 607 4626 est;
631 4538 707 4608 illos
731 4539 821 4608 enirn
846 4537 913 4608 sibi
937 4538 1142 4626 superstites
1166 4538 1251 4608 dicit
1274 4537 1436 4610 Cornelia
1457 4546 1494 4611 et

231 4661 336 4730 vitam
360 4679 477 4731 eorum
497 4662 531 4729 in
555 4663 672 4731 mortis
692 4681 774 4732 suae
798 4659 964 4732 felicitate
984 4668 1157 4734 numerat:
1182 4659 1252 4731 filia
1275 4667 1372 4753 optat
1395 4668 1434 4732 ut
1455 4681 1492 4734 se

227 4783 397 4873 imitetur,
418 4783 453 4854 id
473 4785 565 4872 quod
585 4785 703 4857 eodem
723 4784 838 4858 lacere
859 4787 1001 4857 oonsilio
1021 4807 1088 4858 non
1106 4793 1232 4876 potest.
1263 4785 1312 4856 Αῖ
1330 4806 1417 4878 quae
1436 4805 1492 4858 res
