3600 5594
863 480 1072 546 ...42-

338 691 483 762 Accedit
502 698 540 759 ut
560 690 738 760 neminem·
748 688 856 777 magis
876 687 998 758 deceat
1018 687 1169 776 definire,
1190 687 1278 776 quod
1298 708 1406 776 genus
1422 685 1598 758 scribendi

339 815 551 904 sequendum
570 815 625 902 sit,
647 833 748 902 quam
767 812 911 882 eundem
931 811 1025 882 illum
1039 813 1097 899 qui
1117 812 1158 881 ab
1173 811 1240 882 alio
1259 832 1386 900 genere
1406 811 1596 899 devocavit,

338 945 443 1028 utque
462 937 720 1008 desideraretur
743 937 883 1025 aliquid,
913 935 979 1005 nisi
1005 937 1062 1024 qui
1087 935 1294 1006 vaticinandi
1319 936 1383 1006 sibi
1413 944 1520 1006 artem
1544 957 1596 1006 as·

340 1064 489 1150 sumpsit
508 1083 580 1132 eam
608 1063 717 1150 ipsam
741 1066 849 1130 artem
877 1065 1081 1147 praestaret.
1108 1059 1206 1148 Quod
1231 1081 1352 1147 parum
1375 1058 1415 1129 fit
1433 1041 1604 1130 extremis¹

340 1185 474 1256 duohu‘s
494 1183 651 1256 distichis
677 1203 764 1272 quae
789 1183 959 1252 monentis
978 1183 1085 1270 magis
1105 1202 1203 1270 quam
1219 1181 1334 1253 lutura
1353 1185 1508 1254 canentis
1523 1204 1598 1255 esse

340 1316 494 1398 apparet.
526 1307 593 1378 Sed
616 1308 782 1377 hactenus
806 1314 926 1378 contra
945 1306 1235 1376 Heimreichium:
1266 1329 1354 1376 nunc
1379 1308 1421 1376 ad
1441 1308 1597 1378 Luettio·

339 1432 487 1503 hannem
505 1432 676 1519 venimus,
707 1431 763 1520 qui
787 1431 873 1500 hauc
897 1431 1038 1518 primam
1064 1430 1208 1519 elegiam
1231 1453 1296 1500 nou
1322 1433 1356 1501 in
1376 1433 1461 1502 duas
1481 1441 1598 1520 partes

340 1555 515 1644 discerpit,
536 1555 594 1626 sed
609 1557 677 1626 tria
696 1576 736 1624 ex
756 1576 796 1624 ea
815 1553 898 1624 lacit
916 1555 1080 1640 carmina,
1100 1555 1201 1624 immo
1216 1556 1351 1643 integra
1366 1558 1516 1628 carmina
1531 1557 1598 1628 duo

338 1680 503 1768 tertiique
523 1680 684 1767 quasdam
702 1679 790 1750 male
810 1679 901 1750 iuter
921 1699 957 1748 se
977 1679 1199 1748 cohaerentes
1219 1680 1416 1767 particulas
1433 1680 1497 1750 Sed
1514 1681 1597 1750 nihil

341 1804 465 1873 attinet
481 1823 688 1890 cognoscere
702 1823 787 1891 quos
802 1803 859 1872 ille
875 1803 972 1891 quasi
991 1809 1154 1871 centones
1171 1803 1396 1890 conglutinet:
1413 1805 1478 1876 boc
1495 1827 1599 1875 unum

342 1933 462 1996 nostra
480 1925 589 1997 refert
606 1927 729 2016 quibus
758 1947 926 2015 quamque
955 1926 1149 1996 rationibus
1173 1932 1306 2014 partem
1327 1949 1369 1997 ex
1389 1949 1429 1999 eo
1449 1931 1507 2018 qui
1527 1937 1598 2000 tra·

342 2049 435 2118 ditus
455 2057 509 2120 est
534 2051 654 2121 ordine
678 2051 808 2139 elegiae
838 2051 971 2138 eripere
996 2060 1156 2137 conetur;
1186 2051 1227 2122 ad
1252 2073 1351 2140 quem
1376 2050 1486 2122 locum
1512 2075 1599 2124 nunc

342 2174 540 2244 transimus
569 2176 621 2244 Ac
649 2176 799 2263 primum
828 2174 963 2262 quidem
990 2196 1056 2243 vss.
1085 2178 1130 2245 39
1152 2217 1202 2225 -
1225 2180 1284 2246 54.
1307 2199 1349 2246 ex
1374 2178 1484 2264 primo
1509 2179 1599 2266 quod

341 2297 412 2384 ipse
433 2299 556 2367 statuit
572 2299 723 2367 carmine
743 2297 961 2386 expellendos
981 2305 1116 2368 censet:

451 2549 511 2616 39.
531 2545 609 2615 Huc
628 2545 751 2615 melius
770 2545 931 2635 profugos
951 2547 1085 2634 misisti,
1106 2546 1221 2634 Troia,
1242 2547 1406 2634 Penates3

580 2669 608 2740 Ο
629 2668 720 2758 quali
742 2676 840 2740 vecta
859 2678 915 2739 est
933 2669 1093 2740 Dardana
1113 2672 1236 2759 puppis
1255 2675 1331 2741 aue!

535 2791 712 2861 lambens
732 2792 944 2879 spondebant
964 2803 1043 2864 tunc
1063 2795 1186 2882 omina,
1208 2795 1297 2883 quod
1316 2796 1399 2866 nihil
1421 2797 1513 2868 illam

580 2914 747 2984 Laeserat
766 2914 903 3003 abiegni
923 2923 1042 2985 venter
1061 2925 1201 3006 apertus
1220 2919 1311 3006 equi,

540 3034 626 3106 Cum
646 3044 745 3125 pater
763 3039 797 3107 in
816 3041 911 3128 gnati
931 3039 1087 3128 trepidus
1108 3042 1241 3112 cervice
1260 3043 1434 3134 pependit,

582 3160 630 3232 Et
648 3162 757 3232 verita
777 3167 830 3232 est
849 3157 1010 3233 humeros
1030 3186 1133 3235 urere
1151 3163 1284 3236 flamma
1304 3167 1390 3254 pios.

537 3284 634 3355 Tunc
655 3287 757 3355 animi
776 3307 902 3356 venere
922 3287 1021 3378 Deci,
1042 3289 1207 3378 Brutique
1226 3311 1378 3381 secures

581 3407 687 3479 Vexit
706 3409 836 3497 etipsa
855 3410 907 3478 sui
928 3409 1085 3482 Caesaris
1103 3433 1197 3482 arma
1217 3411 1355 3484 Venus:

537 3536 644 3601 Arma
663 3534 876 3622 resurgentis
896 3540 1038 3622 portans
1058 3536 1214 3606 victricia
1233 3535 1357 3608 Troiae

582 3656 680 3725 Felix
699 3665 795 3727 terra
814 3662 893 3728 tuos
914 3659 1016 3748 cepit,
1036 3659 1122 3749 Iule,
1144 3661 1241 3730 deos!

537 3777 572 3850 Si
592 3779 691 3850 modo
711 3781 893 3850 Avernalis
912 3783 1080 3853 tremulae
1100 3784 1234 3854 cortina
1247 3783 1393 3874 Sibyllae

581 3901 677 3973 Dixit
695 3904 868 3974 Aventino
889 3926 968 3974 rura
989 3906 1115 3994 pianda
1133 3907 1255 3996 Remo,

538 4029 611 4096 Aut
629 4027 657 4095 si
678 4023 887 4116 Pergameae
908 4049 984 4099 sero
1004 4035 1079 4100 rata
1098 4032 1251 4102 carmina
1271 4033 1358 4102 vatis

582 4147 800 4237 Longaevum
821 4149 863 4220 ad
882 4151 1012 4221 Priami
1034 4176 1116 4224 vera
1134 4153 1231 4225 fuere
1252 4161 1378 4243 caput:

539 4269 739 4343 -Vertite
758 4294 884 4363 equum
904 4276 1028 4348 Danai!
1049 4278 1136 4349 male
1156 4279 1312 4349 vincitis:
1334 4279 1397 4349 Ilia
1417 4280 1516 4352 tellus

583 4395 699 4485 Vivet,
720 4403 755 4467 et
774 4398 853 4469 huie
872 4397 979 4470 cineri
997 4401 1153 4492 Iuppiter
1172 4423 1268 4472 arma
1286 4403 1393 4474 dabit.
1407 4444 1457 4454 -

345 4638 433 4708 Nam
454 4661 564 4730 neque
584 4643 658 4713 huc
673 4644 706 4713 in
726 4666 775 4715 vs,
799 4649 858 4717 39.
880 4647 1008 4717 habere
1029 4668 1095 4736 quo
1115 4647 1301 4737 referatur,
1322 4652 1388 4722 etsi
1402 4651 1537 4723 Latium
1559 4653 1603 4722 si-

344 4760 499 4851 gnificari
527 4775 683 4856 apertum
714 4769 775 4858 sit;
806 4791 868 4840 nec
895 4768 1038 4842 melius
1066 4792 1168 4862 posse
1192 4773 1368 4864 explicari,
1399 4797 1474 4845 cum
1498 4777 1605 4846 Roma
