3600 5594
719 495 926 562 ..17-

191 707 317 780 librum
337 710 513 795 quartum,
534 724 601 776 non
620 703 779 795 quintum
798 704 1008 792 vocavimus,
1023 709 1058 774 et
1075 704 1112 774 in
1129 701 1453 799 versibusProper-

193 832 297 904 tionis
315 829 496 902 laudandis
515 822 642 920 ubique
660 828 814 900 numeris
833 827 1118 917 Hertzbergianis
1137 833 1284 900 utemur.

271 955 373 1026 Nunc
393 953 435 1024 de
454 959 594 1024 anctore
614 947 688 1023 eius
711 953 824 1043 quarti
841 952 921 1023 libri
945 960 1066 1023 contra
1085 950 1278 1024 Caruttium
1297 953 1365 1024 erit
1382 954 1452 1046 dis-

191 1077 393 1168 putandum.
420 1075 486 1163 uui
508 1077 660 1166 primum
681 1096 759 1166 pag.
785 1073 928 1146 XXXV.
952 1074 988 1144 iu
1011 1095 1053 1145 ea
1079 1073 1332 1166 dissertatione,
1352 1096 1454 1166 quam

194 1202 237 1274 dc
255 1202 328 1272 rita
348 1209 382 1272 et
406 1200 615 1272 carminibus
639 1199 816 1289 Propertii
839 1198 922 1290 ipsis
946 1198 1064 1288 elegiis
1086 1199 1275 1289 praemisit,
1300 1207 1454 1272 octavam

193 1325 337 1416 elegiam
368 1331 404 1396 et
431 1324 598 1412 disiungit
625 1324 659 1394 in
690 1324 774 1394 duas
802 1327 931 1411 partes,
960 1342 1107 1411 quarum
1136 1341 1234 1392 unam
1262 1323 1453 1395 Draconem

192 1449 351 1537 Lanuvii,
371 1448 515 1519 alteram
534 1447 655 1517 Rixam
671 1445 839 1536 inscribit,
860 1452 895 1516 et
909 1453 1089 1537 utramque
1103 1446 1284 1536 Propertio
1299 1447 1452 1539 abrogat.

181 1553 243 1644 'At
261 1595 322 1644 cur
341 1573 518 1660 disiungat
536 1593 611 1643 cum
631 1591 698 1641 non
716 1570 821 1640 verbo
837 1569 1016 1661 significet,
1033 1571 1125 1660 quod
1143 1570 1311 1642 diluamus
1323 1572 1378 1643 vel
1397 1593 1452 1643 ra·

193 1694 349 1769 fallamus
367 1697 453 1768 nihil
468 1696 653 1782 habemus;
674 1700 809 1768 tantum
823 1713 1061 1784 memoramus,
1083 1714 1159 1764 curn
1179 1692 1329 1766 abluisse
1344 1695 1454 1766 Roma

196 1819 379 1911 Cynthium
401 1828 579 1911 narretur,
609 1840 672 1891 cur
695 1816 844 1888 abfuerit
877 1818 1053 1908 aptissime
1077 1819 1187 1889 videri
1207 1823 1287 1890 ante
1314 1820 1453 1909 aperiri,
1513 1817 1521 1826 '

197 1965 341 2035 eumque
360 1966 478 2016 rerum
497 1949 695 2016 contextum
714 1940 852 2014 delendi
871 1943 983 2031 primo
1003 1941 1165 2014 disticho:

300 2138 401 2210 Disce
422 2138 504 2226 quid
523 2137 697 2225 Esquilias
715 2137 780 2207 hac
798 2142 901 2208 nocte
919 2134 1046 2225 fugarit
1065 2157 1225 2226 aquosas,

380 2260 465 2332 Cum
485 2261 598 2360 vicina
617 2260 715 2330 novis
733 2260 836 2331 turba
855 2262 1010 2331 cucurrit
1028 2261 1119 2348 agris
1140 2299 1186 2312 —

194 2455 286 2545 quod
314 2455 374 2525 ille
399 2455 434 2524 in
461 2455 598 2526 initium
627 2474 733 2526 novae
762 2474 863 2543 quam
881 2453 965 2526 facit
983 2455 1112 2546 elegiae
1139 2453 1315 2543 transfert,
1343 2460 1382 2525 ut
1410 2455 1455 2525 sit

192 2585 273 2652 aute
292 2600 344 2652 rs.
368 2583 428 2651 27.

300 2755 388 2828 Cum
407 2753 507 2826 fieret
524 2762 644 2828 nostro
664 2755 768 2826 toties
786 2755 914 2826 iniuria
930 2755 1033 2826 lecto.
1055 2793 1104 2806 -

27 2966 29 2977 ·
148 2987 151 2996 ·
195 2949 353 3038 Accedit,
368 2949 405 3020 id
425 2948 515 3037 quod
529 2947 958 3040 Luettiohannesprofert,
973 2956 1013 3020 ut
1026 2969 1113 3039 quae
1126 2949 1243 3039 priore
1261 2955 1359 3039 parte
1376 2968 1454 3020 nar-

195 3077 316 3142 rantur
336 3090 455 3141 corum
473 3071 534 3142 fiat
551 3073 679 3142 mentio
698 3095 746 3144 vs.
769 3077 829 3146 48.

300 3244 447 3316 Lanuvii
466 3246 510 3316 ad
527 3252 645 3335 portas
664 3244 720 3316 hei
739 3247 823 3316 mihi
842 3247 935 3318 solus
955 3267 1061 3318 eram.

193 3441 380 3514 Abiudicat
397 3449 513 3512 autem
529 3462 551 3512 a
568 3440 750 3530 Propertio
772 3440 923 3530 priorem
940 3447 1073 3530 partem
1094 3448 1237 3531 propter
1259 3423 1450 3514 obscurita-

192 3571 260 3655 tes,
281 3571 320 3636 ut
338 3567 399 3656 ait,
422 3571 457 3637 ct
478 3566 669 3637 locutiones
693 3566 892 3638 invenustus
917 3572 953 3636 et
975 3571 1125 3656 coactas,
1149 3566 1292 3638 alteram
1310 3565 1399 3656 quod
1418 3573 1453 3638 et

192 3709 282 3779 quae
310 3694 499 3761 narrentur
525 3710 546 3759 a
575 3689 744 3779 Cynthiae
771 3710 921 3780 persona
947 3689 1158 3761 abhorreant
1183 3694 1220 3762 et
1241 3689 1454 3780 Lygdamum

191 3834 236 3886 ex
253 3812 317 3902 ΙΙΙ,
340 3819 374 3885 5.
396 3813 564 3904 Cynthiae
586 3833 725 3884 servum
749 3812 857 3884 fuisse
882 3818 1028 3902 constet,
1054 3820 1093 3885 nt
1115 3835 1177 3886 cur
1199 3814 1255 3886 hio
1277 3816 1453 3906 Propertii

148 3943 150 3948 '
191 3939 239 4012 sit
258 3937 396 4010 adiutor
415 3958 481 4009 non
499 3936 723 4026 intelligatur,
740 3942 776 4007 et
794 3936 887 4026 quod
905 3935 1108 4028 Propertius
1127 3938 1186 4028 qui
1203 3959 1309 4029 eques
1328 3941 1452 4012 Roma-

190 4084 257 4135 nus
278 4081 345 4133 nou
363 4061 480 4152 fuerit,
499 4059 587 4132 colla
601 4059 740 4147 obliqua
757 4059 802 4130 ad
820 4079 987 4131 summum
1006 4061 1179 4134 theatrum
1192 4062 1366 4136 inflectere
1384 4086 1451 4137 non

191 4186 349 4278 potuerit
366 4187 489 4257 vetari.
511 4187 605 4274 Quas
625 4182 719 4254 dicat
737 4183 979 4275 obscuritates,
998 4186 1153 4258 cernitur
1173 4207 1215 4259 ex
1232 4188 1287 4280 iis,
1307 4209 1395 4279 qnae
1409 4189 1452 4260 ad

192 4311 308 4399 ipsum
325 4329 463 4381 carmen
482 4309 671 4381 adnotavit.
694 4305 891 4398 Caeterum,
910 4308 1033 4401 inquit,
1054 4331 1114 4381 sex
1131 4331 1290 4384 versuum
1306 4313 1452 4402 (3-8)

192 4449 318 4506 sensus
337 4433 503 4505 obscurus
522 4441 559 4504 et
576 4431 772 4522 implicatus
791 4436 855 4503 est.
879 4430 928 4501 At
948 4433 984 4503 iu
1008 4434 1153 4524 reliquis
1176 4435 1325 4525 quinque
1342 4437 1452 4508 versi-

192 4559 259 4630 bus
274 4574 317 4626 ne
336 4555 544 4630 haesitatum
561 4555 699 4648 quidem
718 4554 819 4627 rideo
839 4552 882 4626 ab
901 4554 1178 4646 explicatoribus,
1199 4564 1321 4646 quarto
1340 4567 1454 4632 autem

68 4739 72 4750 .
192 4684 229 4753 in
248 4697 355 4751 versu
375 4680 439 4751 etsi
457 4687 509 4753 est
527 4680 748 4768 haesitatum,
769 4677 854 4750 satis
873 4683 988 4751 tamen
1005 4679 1171 4769 proclivis
1190 4686 1243 4752 est
1261 4683 1453 4774 explicatio.

193 4804 284 4879 Illud
304 4803 394 4876 enim

1233 4928 1249 4979 a
