3600 5594
855 510 1066 579 -108-

331 743 420 812 quae
447 721 589 793 Servius
616 720 776 793 Ciceroni
803 722 860 811 (ad
883 720 977 791 Fam.
1002 719 1065 810 IV,
1088 721 1137 810 5.)
1166 719 1279 790 Tullia
1306 726 1444 792 mortua
1472 743 1591 794 conso·

321 847 425 948 landi
445 868 549 918 causa
568 847 722 935 scripsit:
752 847 869 918 Etiam
892 851 931 916 tu
954 845 996 916 ab
1016 845 1111 915 hisce
1133 844 1239 916 rebus
1263 847 1476 918 animumne
1500 848 1593 936 cogi-

330 974 492 1044 tationem
517 979 610 1044 tnam
634 993 753 1062 avoca,
778 978 882 1061 atque
907 971 1084 1059 capotius
1111 970 1344 1059 reminiscere,
1375 990 1464 1060 quae
1491 971 1595 1061 digna

329 1102 393 1167 tna
417 1116 566 1185 persona
594 1100 689 1165 sunt:
717 1095 809 1166 illam
842 1094 1005 1185 quamdiu
1037 1095 1070 1164 ei
1097 1113 1183 1183 opus
1211 1092 1321 1164 fuerit
1352 1067 1492 1166 vixisse:
1526 1116 1594 1166 unu

330 1241 408 1291 cum
435 1220 615 1311 republica
640 1217 763 1290 fuisse:
798 1229 833 1289 te
865 1226 997 1309 patrem
1030 1235 1131 1286 suum
1163 1224 1374 1306 praetorem,
1409 1221 1592 1308 consulem,

329 1363 495 1432 augurem
516 1341 655 1415 vidisse.
678 1342 769 1434 —*)
802 1341 901 1430 Quod
928 1341 1015 1411 siet
1038 1361 1080 1410 ex
1102 1343 1298 1430 praeceptis
1322 1343 1391 1413 illis
1415 1351 1451 1414 et
1475 1365 1517 1417 ex
1539 1346 1593 1416 his

329 1467 509 1558 exemplis,
538 1488 683 1556 quorum
713 1486 893 1536 numerum
921 1462 1022 1536 facile
1050 1473 1126 1536 erat
1153 1467 1326 1536 cumulate
1354 1488 1498 1558 augere,
1526 1469 1594 1540 hoc

328 1594 452 1681 elucet,
473 1593 516 1662 de
535 1592 630 1662 luctu
652 1592 839 1680 hominnm,
863 1591 906 1660 de
930 1589 1061 1676 liberis,
1086 1588 1127 1660 de
1151 1588 1261 1660 fratre
1284 1591 1362 1662 ideo
1388 1592 1481 1682 loqui
1506 1591 1594 1665 Gor·

328 1716 463 1806 uellam,
492 1716 585 1806 quod
613 1734 656 1785 ea
681 1716 797 1784 omnia
820 1715 854 1784 in
878 1715 947 1784 suis
975 1713 1138 1785 laudibus
1166 1721 1286 1804 ponat:
1318 1736 1360 1786 ne
1389 1717 1442 1787 Et
1459 1723 1592 1788 tamen

273 1907 283 1929 ,
328 1840 468 1930 quidem
494 1838 580 1910 illud
610 1838 793 1928 displicere
820 1845 950 1927 potest,
980 1858 1047 1926 quo
1076 1857 1096 1908 a
1123 1838 1220 1908 luctu
1250 1837 1293 1908 ad
1323 1839 1451 1912 liberos
1480 1847 1592 1912 trans-

329 1965 498 2055 greditur.
529 1964 608 2035 Non
633 1983 699 2052 quo
724 1963 760 2032 id
783 1962 947 2050 declaret,
972 1961 1063 2051 qnod
1087 1961 1167 2031 olim
1190 1962 1399 2053 interpretes
1423 1965 1593 2036 declarari

326 2089 507 2179 putabant:
538 2087 696 2176 quamvis
721 2085 905 2157 immatura
933 2084 1074 2174 obierit,
1108 2104 1257 2156 summos
1288 2107 1325 2158 se
1357 2093 1473 2158 tamen
1501 2089 1593 2159 vitae

327 2211 461 2284 tructus
482 2212 697 2300 percepisse3
727 2231 814 2300 quae
842 2209 979 2299 quidem
1008 2227 1110 2296 saepe
1139 2212 1310 2280 sententia
1336 2210 1525 2300 profertur,
1554 2219 1592 2282 ut

327 2333 464 2406 Consol.
485 2334 529 2403 ad
547 2333 622 2403 Liv.
643 2334 734 2420 Aug.
755 2336 843 2403 447.
864 2353 890 2404 s.

539 2562 628 2650 Quid
646 2583 808 2633 numeras
827 2561 954 2634 annos?
972 2563 1042 2633 vixi
1061 2564 1229 2633 maturior
1247 2563 1355 2634 annia.

590 2688 680 2758 Acta
699 2707 815 2758 senem
835 2686 981 2758 faciunt:
1003 2687 1087 2757 haec
1106 2687 1317 2756 numeranda
1336 2686 1412 2758 tibi.

327 2918 381 2990 vel
404 2917 485 2988 Tac.
506 2918 591 3006 Agr.
614 2921 675 2987 44.
700 2917 762 3006 (Et
785 2917 857 3006 ipse
881 2915 1019 3007 quidem
1047 2935 1250 3005 quamquam
1279 2915 1394 2987 modio
1419 2916 1455 2985 in
1479 2917 1589 3008 spatio

326 3043 481 3130 integrae
500 3040 625 3112 aetatis
645 3047 795 3130 ereptus,
812 3046 976 3131 quantum
991 3039 1034 3112 ad
1047 3038 1205 3129 gloriam,
1220 3039 1455 3129 longissimum
1468 3061 1591 3112 aevum

326 3167 472 3257 peregit.
493 3167 618 3256 quippe
642 3175 679 3236 et
697 3165 886 3236 verobona
904 3165 1046 3255 quaein
1065 3165 1253 3235 virtutibus
1277 3165 1345 3234 sita
1367 3170 1448 3235 sunt
1468 3166 1589 3257 imple-

326 3298 423 3362 verat
450 3295 487 3360 et
514 3289 688 3360 consulari
716 3308 756 3360 ac
783 3288 1049 3377 triumphalibus
1083 3289 1293 3359 ornamentis
1321 3289 1478 3378 praedito
1507 3290 1590 3381 quid

325 3414 419 3485 aliud
441 3412 578 3484 fortuna
601 3414 784 3485 adstruere
807 3413 994 3501 poterattl:
1021 3411 1077 3482 hic
1101 3417 1216 3483 tamen
1238 3411 1471 3484 immaturitas
1495 3434 1588 3486 mor-

326 3539 371 3609 tis
388 3558 457 3608 non
476 3535 700 3625 significatur.
730 3535 820 3608 Nam
840 3536 997 3626 quodve.
1022 3539 1081 3605 56.
1108 3535 1251 3604 dicitur:
1279 3534 1319 3604 In
1342 3556 1395 3606 me
1419 3543 1588 3609 mutatum

326 3662 408 3752 quid
436 3662 503 3732 nisi
525 3661 597 3733 fata
618 3659 726 3732 velis?
745 3701 788 3712 —
811 3659 846 3731 id
869 3681 936 3732 non
960 3658 1004 3729 ad
1026 3660 1243 3730 immaturam
1268 3664 1425 3738 mortem,
1456 3661 1517 3732 sed
1544 3661 1589 3734 ad

324 3793 470 3858 mortem
499 3784 720 3857 referendum
748 3791 817 3871 est3
854 3785 920 3855 hoc
948 3783 1037 3853 enim
1066 3782 1207 3853 dicitur:
1246 3791 1393 3855 matrem
1420 3785 1456 3856 id
1483 3806 1588 3857 unum

325 3912 415 4000 quod
432 3909 664 3999 reprehendat
681 3910 716 3978 in
733 3906 805 3978 filia
823 3907 952 3978 babere
971 3906 1063 3995 quod
1081 3912 1219 3978 mortua
1242 3909 1298 3978 sit.
1328 3911 1380 3979 Ac
1398 3929 1442 3978 ne
1464 3910 1587 3980 matris

325 4043 361 4106 et
382 4034 532 4124 Augusti
557 4032 690 4103 luctum
715 4031 756 4102 de
779 4033 964 4101 immatura
985 4036 1094 4101 morte
1117 4032 1325 4120 accipiamus
1348 4031 1441 4103 filiae
1467 4040 1586 4104 contra

405 4281 430 4349 *l
444 4279 503 4334 Hoc
516 4279 577 4334 loco
591 4278 702 4334 defendi
711 4279 819 4334 videtur
833 4280 915 4336 etiem
925 4296 964 4335 vs.
974 4283 1017 4334 66.
1032 4279 1175 4334 Consule
1189 4295 1251 4348 quo
1266 4278 1356 4334 laeto
1370 4287 1492 4349 ternpore
1506 4288 1587 4350 rapta

321 4384 411 4426 soror.
426 4367 504 4424 -Ut
518 4369 590 4424 euim
605 4367 699 4423 Tullia
714 4369 767 4424 etsi
781 4373 841 4423 erat
858 4369 1021 4424 adolescens
1035 4375 1148 4438 propter
1162 4367 1248 4436 patris
1261 4368 1382 4423 honores
1396 4376 1519 4437 tempore
1534 4370 1550 4422 i.
1562 4385 1585 4424 e.

325 4463 477 4526 opportuno
492 4464 614 4526 ternpore
628 4457 718 4512 obisse
733 4457 838 4525 dicitnr,
855 4457 894 4512 ita
909 4457 1035 4512 Cornelia
1049 4473 1078 4511 se
1092 4462 1205 4525 propter
1224 4455 1318 4510 fratris
1336 4455 1455 4512 bonores
1473 4458 1501 4511 in
1515 4463 1584 4514 tom·

324 4563 392 4616 pore
406 4553 539 4602 mortuam
552 4547 714 4617 praedicare
728 4552 828 4615 potest.
847 4546 897 4599 Cui
916 4546 1068 4601 sententiae
1082 4546 1190 4600 minime
1208 4545 1305 4612 obstat,
1324 4547 1397 4614 quod
1409 4561 1449 4602 rs.
1464 4550 1504 4601 17.
1523 4547 1582 4602 Im-

323 4641 468 4706 motum,
486 4636 585 4706 inquit,
602 4636 678 4705 licet,
697 4643 788 4690 temen
805 4635 928 4690 huonon
944 4635 1026 4690 noxia
1045 4635 1115 4688 veni.
1130 4663 1160 4674 -
1178 4634 1328 4690 immatura
1346 4635 1417 4692 enim
1438 4640 1536 4706 aetate,
1556 4641 1586 4690 at
1607 4661 1611 4668 ·

324 4724 473 4780 honoribus
488 4730 594 4779 matura
608 4723 683 4793 obiit,
701 4729 731 4778 nt
744 4724 796 4779 hae
811 4722 880 4778 duae
896 4739 941 4778 res
955 4724 1029 4777 inter
1044 4738 1072 4776 se
1087 4729 1261 4790 opponuntur
1279 4723 1398 4791 eoquod
1416 4723 1509 4792 paullo
1523 4730 1587 4793 post

322 4812 404 4870 attuli
419 4812 534 4867 Ausonii
548 4811 698 4882 epitaphio.
