3600 5594
841 455 1047 522 ...53-

526 661 572 734 Ut
592 661 695 734 rediit
714 663 858 752 ammos,
878 663 1010 752 pariter
1030 663 1162 734 rediere
1181 661 1336 732 dolores:

578 787 727 858 Pectora
744 787 920 876 legitimus
940 794 1034 858 casta
1053 786 1239 857 momordit
1257 806 1363 857 amor.

315 998 506 1089 Utrobique
526 999 615 1068 enim
634 997 832 1086 magnitudo
850 999 976 1068 amoris
995 1019 1015 1068 a
1035 999 1253 1068 matrimonio
1275 997 1460 1085 repetitur.
1477 996 1577 1084 Quod

316 1129 431 1192 autem
450 1121 652 1210 Propertius
672 1123 899 1192 communiter
918 1122 1039 1192 maluit
1058 1143 1159 1211 quam
1179 1123 1315 1210 proprie
1341 1120 1447 1209 loqui,
1468 1121 1503 1190 id
1522 1120 1577 1191 hio

317 1265 381 1315 non
401 1246 510 1335 magis
530 1247 653 1315 mirum
674 1245 813 1316 ridetur
832 1265 931 1334 quam
951 1246 979 1334 l,
1006 1251 1036 1332 l,
1062 1249 1118 1314 16.
1144 1245 1289 1314 Tantum
1310 1245 1344 1314 in
1363 1264 1478 1314 amore
1498 1264 1576 1332 pre·

317 1389 375 1440 ces
395 1379 429 1440 11
447 1370 533 1440 bene
551 1368 643 1440 facta
660 1369 772 1440 valent
791 1409 841 1422 --
861 1376 897 1440 et
916 1371 955 1457 L,
975 1374 1009 1457 2,
1031 1373 1065 1440 8.
1097 1369 1126 1439 N
1131 1369 1217 1438 udus
1237 1372 1344 1439 Amor
1361 1367 1492 1438 formae
1512 1389 1576 1437 non

317 1501 409 1563 amat
427 1492 593 1564 artificem
612 1533 662 1546 -
683 1501 717 1562 et
735 1493 774 1581 L,
798 1497 832 1580 5,
853 1498 914 1564 24.
945 1493 1065 1563 Nescit
1082 1497 1191 1563 Amor
1208 1493 1331 1581 priscis
1351 1492 1474 1562 cedere
1492 1493 1577 1562 ima-

317 1618 454 1706 ginibus
478 1657 529 1668 -
553 1624 588 1688 11
616 1617 770 1706 plurimis
799 1618 875 1687 11111
906 1618 1002 1687 locis.
1039 1619 1159 1688 Restat
1185 1616 1269 1686 illud
1298 1638 1453 1686 -nam
1480 1616 1578 1684 mibi

319 1742 422 1830 quo?
442 1779 493 1791 -
512 1748 552 1811 ut
571 1741 613 1811 de
634 1742 790 1811 omnibus
815 1741 944 1812 dictum
969 1741 1024 1811 sit.
1055 1740 1128 1827 Quo
1153 1741 1307 1830 quamvis
1332 1738 1431 1810 facile
1456 1760 1577 1810 conce·
1631 1795 1637 1812 .

319 1865 439 1934 damus
466 1865 622 1952 potuisse
650 1867 814 1936 rationem
844 1863 967 1935 referri
996 1864 1156 1934 sordidae
1184 1866 1307 1952 vestis,
1338 1864 1367 1934 si
1395 1863 1452 1932 illa
1482 1865 1579 1952 prius

318 1995 410 2059 esset
437 1998 635 2075 memorata,
665 1989 756 2058 nullo
786 2001 899 2059 tamen
926 1997 1025 2077 pacto
1058 1988 1293 2078 intelligimus,
1324 2009 1385 2058 cur
1413 1988 1499 2058 alins
1529 1987 1580 2056 rei

319 2113 407 2182 ratio
427 2111 526 2181 reddi
544 2133 611 2181 non
631 2113 751 2200 possit,
782 2134 857 2182 cunr
878 2132 990 2202 neque
1017 2113 1052 2181 in
1083 2113 1195 2182 verbis
1220 2133 1330 2201 neque
1354 2111 1388 2180 in
1412 2113 1581 2181 sententia

319 2237 364 2306 sit
384 2235 567 2325 quidquam
588 2257 649 2306 cur
667 2236 717 2306 ita
735 2236 980 2306 existimemus.
1006 2235 1092 2306 Nam
1117 2236 1299 2306 verborum
1323 2256 1390 2305 non
1411 2256 1486 2305 eum
1505 2255 1580 2304 1111

319 2381 435 2448 usum,
464 2367 502 2430 ut
531 2335 725 2430 subiectum
751 2381 793 2430 eu
820 2360 1103 2430 antecedentibus
1137 2369 1338 2449 revocetur,
1368 2365 1511 2447 apparet
1539 2378 1581 2428 ex

320 2481 443 2555 Horat.
474 2483 587 2572 Epist.
616 2484 648 2572 I,
682 2490 715 2572 5,
749 2487 807 2555 12.
838 2484 912 2573 Quo
942 2485 1027 2554 milri
1055 2483 1193 2554 fortuna
1227 2484 1255 2553 si
1280 2505 1347 2552 non
1383 2481 1583 2554 conceditur

288 2609 398 2698 uti?
417 2647 485 2696 -,
515 2607 574 2678 ubi
604 2607 894 2696 exsequentibus
927 2607 1043 2678 verbis
1075 2606 1241 2676 fortuna
1267 2607 1489 2696 praepritur.
1530 2604 1578 2676 Ad

321 2732 411 2820 quod
435 2731 627 2819 exemplum
652 2731 708 2800 bic
737 2751 872 2820 quoqne
902 2751 1089 2820 purpuram
1114 2739 1149 2800 11
1174 2731 1372 2820 crystallum
1398 2751 1438 2800 11
1466 2750 1580 2800 conse·

244 2887 248 2894 ·
322 2854 504 2944 quentibus
523 2854 639 2923 verbis
659 2855 910 2942 occupabimus.
936 2853 1049 2944 Negat
1068 2855 1177 2941 igitur
1199 2854 1376 2926 Arethusa
1398 2875 1434 2924 se
1454 2855 1584 2942 ornari,

321 2977 412 3068 quod
431 2977 607 3048 absentem
630 2978 793 3048 maritum
812 2977 948 3066 lugeat·
973 2978 1057 3048 haec
1076 2988 1189 3048 autern
1211 2980 1239 3047 si
1260 2998 1317 3048 res
1337 2985 1407 3066 est,
1427 2999 1512 3048 nam
1534 2985 1585 3047 111

320 3100 449 3172 indicio
473 3100 589 3172 afferri
613 3102 797 3188 rationem,
827 3121 868 3172 ex
892 3121 959 3191 qua
985 3106 1133 3190 quantus
1157 3103 1203 3172 sit
1224 3122 1321 3172 amor
1345 3102 1585 3192 perspiciatur,

323 3247 391 3297 non
410 3247 508 3299 secus
527 3247 566 3297 ac
586 3226 614 3315 I,
639 3229 698 3310 15,
721 3229 756 3297 9.
778 3247 823 3296 11.

537 3439 582 3505 At
601 3457 665 3506 non
686 3436 735 3506 sic
756 3437 866 3507 Itbaci
885 3436 1046 3523 digressu
1066 3443 1158 3506 mota
1177 3434 1324 3524 Calypso

586 3559 744 3629 Desertis
763 3559 843 3630 olim
863 3558 1004 3629 fleverat
1023 3560 1250 3648 aequoribns3

534 3682 666 3753 Multos
684 3682 744 3753 illa
764 3684 838 3754 dies
857 3685 1038 3772 incomptis
1057 3690 1188 3754 maesta
1206 3684 1336 3772 capillis

590 3805 736 3878 Sederat
754 3807 882 3877 iniusto
901 3807 1009 3877 multa
1027 3807 1145 3879 locuta
1164 3807 1236 3878 salo
1256 3849 1305 3859 -

326 4015 486 4088 sordibus
512 4025 548 4086 et
569 4017 666 4088 luctu
696 4016 865 4106 Calypsus
888 4018 1053 4106 probatur
1076 4017 1209 4092 Ulixem
1236 4019 1279 4090 ab
1303 4039 1343 4090 ee
1367 4019 1590 4090 veliementer

326 4159 403 4211 esse
422 4149 574 4210 amatum
592 4146 653 4210 ant
676 4141 711 4210 in
734 4140 834 4212 initio
858 4141 1013 4214 eiusdem
1036 4142 1167 4232 elegiae
1186 4143 1392 4231 Propertius
1410 4163 1534 4231 parum
1553 4163 1589 4212 se

325 4263 433 4336 amari
454 4283 493 4334 eo
515 4265 664 4354 coniicit,
684 4263 776 4353 quod
793 4263 944 4354 Cynthia
963 4267 1073 4337 crInes
1091 4272 1272 4353 componat
1291 4263 1465 4336 etfaciam
1485 4285 1589 4357 quae-

325 4397 391 4462 rat.
412 4387 538 4460 Utrum
562 4391 651 4460 enim
676 4390 765 4460 absit
793 4411 836 4460 an
864 4390 1020 4460 abiturus
1049 4391 1096 4460 sit
1122 4391 1152 4460 is
1177 4390 1235 4477 qui
1258 4396 1406 4478 amatur,
1435 4391 1521 4462 nihil
1547 4390 1590 4460 ad

325 4534 410 4584 rem.
434 4513 549 4602 Atque
568 4514 688 4584 eedem
708 4514 955 4584 sententiarum
977 4514 1083 4584 series
1106 4518 1140 4582 et
1161 4513 1284 4601 copula
1303 4514 1337 4584 in
1356 4514 1399 4584 111
1418 4523 1483 4603 111,
1503 4534 1590 4603 quae

326 4637 417 4725 apud
431 4635 593 4708 Ovidium
608 4637 690 4708 Her.
707 4636 804 4708 XIII.
823 4637 882 4706 29.
901 4657 946 4707 ss.
962 4637 1150 4706 Laodamia
1167 4636 1359 4710 Protesilao
1374 4638 1507 4726 scribit,
1523 4638 1590 4710 etsi

328 4761 383 4830 bic
403 4761 571 4849 particula
591 4760 739 4831 causalis
758 4761 873 4846 abest;
899 4780 998 4848 quem
1023 4761 1132 4830 locum
1158 4761 1270 4849 paullo
1293 4770 1374 4834 ante
1393 4763 1589 4852 attigimus:
