3600 5594
752 427 963 496 ..37-

223 654 312 723 quaa
336 634 426 704 enim
450 633 527 705 aliis
549 633 674 722 puellis
697 638 836 722 optatur
859 633 1009 708 felicitas
1036 637 1224 726 opponitur
1248 633 1383 726 Scyllae
1406 655 1493 723 quae

223 765 365 829 narrata
383 763 438 828 ast
455 757 662 844 calamitati;
682 757 852 846 itemlll,
876 761 936 848 15,
957 763 1018 831 43.

327 950 375 1021 At
393 956 430 1019 tu
451 969 518 1020 non
538 951 698 1020 maritam
718 971 840 1040 parcas
860 972 984 1023 vexare
1003 953 1271 1042 Lycinnam-3

222 1162 299 1213 nam
328 1142 547 1213 adversativa
574 1143 665 1215 ratio
694 1144 882 1215 intercedit
905 1147 997 1215 inter
1018 1145 1142 1215 Dirces
1163 1143 1345 1216 saevitiam
1365 1143 1408 1213 de
1427 1163 1496 1231 qua

222 1265 322 1354 prius
341 1265 474 1336 dictum
493 1272 669 1357 astatque
690 1286 766 1338 eam
785 1288 873 1356 quaa
893 1289 912 1337 a
932 1267 1079 1357 Cynthia
1099 1272 1242 1358 optatur
1260 1266 1495 1354 clementiam;

221 1389 307 1460 item
327 1388 373 1478 Il,
395 1391 457 1478 29,
483 1393 546 1460 14:

329 1581 379 1651 At
397 1589 435 1652 tn
455 1583 571 1652 nascio
591 1603 677 1671 quas
698 1584 850 1672 qnaeris,
870 1584 999 1672 inepte,
1019 1581 1183 1670 fores-,

223 1775 304 1863 qnia
315 1772 486 1864 Cynthiae
500 1773 582 1846 fidei
591 1775 769 1864 Propertii
782 1774 968 1848 infidelitas
983 1777 1184 1866 opponitur;
1205 1777 1287 1846 item
1300 1775 1344 1863 ll,
1358 1777 1419 1864 26,
1437 1777 1494 1844 11.

328 1950 377 2020 At
395 1955 432 2020 tu
452 1951 509 2020 vix
529 1951 658 2038 primas
679 1951 849 2022 extollens
867 1953 1006 2041 gurgite
1025 1952 1156 2040 palmas

384 2072 494 2163 Saepe
514 2094 627 2144 meum
647 2096 771 2146 nomen
790 2076 859 2146 iam
879 2077 1037 2165 peritura
1056 2095 1157 2146 vocas
1169 2097 1236 2162 —;

222 2267 299 2318 nam
319 2248 506 2336 Propertio
526 2247 676 2338 Cynthia
694 2251 744 2321 ita
764 2251 966 2341 opponitur,
991 2257 1031 2321 ut
1050 2251 1152 2322 simul
1171 2249 1316 2321 alterius
1336 2247 1498 2340 precibus

221 2376 301 2441 vota
320 2369 466 2442 alterius
486 2379 721 2462 opponantur;
741 2374 825 2445 item
843 2373 890 2463 ΙΙ,
913 2376 973 2462 25,
997 2377 1034 2442 9:

329 2564 378 2635 At
397 2585 450 2635 me
469 2565 512 2636 ab
532 2585 649 2636 amore
669 2573 729 2637 tuo
749 2566 900 2638 deducet
918 2566 1011 2638 nulla
1030 2571 1255 2636 senectus-

224 2759 300 2810 cum
331 2740 421 2810 enim
450 2740 509 2810 alii
536 2741 693 2812 homines
713 2762 837 2830 resque
856 2742 945 2813 aliae
965 2740 1111 2813 deficere
1130 2747 1284 2829 tempore
1304 2737 1397 2808 dicta
1417 2735 1498 2824 sint,

224 2883 260 2933 se
279 2862 484 2952 Propertius
512 2883 648 2953 semper
676 2867 909 2936 asseveratio
930 2885 1046 2936 amore
1065 2883 1348 2953 permansurum
1377 2859 1500 2931 simili-

223 2991 346 3074 terque
367 3007 463 3096 suam
482 2985 583 3058 fidem
604 2988 728 3057 aemuli
748 2988 932 3059 mobilitati
952 2988 1100 3077 opponit
1117 2988 1164 3076 Il,
1188 2991 1249 3075 24,
1273 2989 1338 3056 33:

331 3164 379 3232 At
397 3182 452 3231 ma
471 3181 538 3231 non
559 3168 656 3232 aetas
676 3162 823 3233 mutabit
842 3169 916 3233 tota
936 3161 1087 3250 Sibyllae
1100 3199 1160 3226 -.

226 3354 297 3425 Sed
316 3361 455 3442 praeter
474 3356 538 3426 hos
557 3355 652 3425 locos
672 3363 754 3426 sunt
772 3356 843 3444 alii,
869 3355 928 3424 ubi
949 3374 1137 3445 pronomen
1157 3351 1341 3442 personale
1360 3369 1428 3420 non
1447 3349 1498 3420 id·

224 3478 317 3548 circo
345 3477 389 3547 ad
417 3479 622 3565 particulam
652 3479 907 3550 adversativam
936 3484 991 3549 est
1014 3477 1186 3565 additum,
1218 3472 1310 3564 quod
1330 3472 1501 3562 oppositio

224 3607 286 3671 aut
304 3607 377 3672 tota
397 3608 457 3670 ant
476 3610 636 3689 exparte
657 3602 692 3672 in
711 3603 787 3691 ipso
809 3603 855 3672 sit
872 3603 1002 3691 posita,
1033 3621 1153 3671 verum
1176 3598 1394 3671 adversativa
1412 3595 1502 3665 ratio

225 3722 310 3794 illud
328 3701 429 3811 plane
449 3744 516 3793 non
536 3725 767 3812 amplectitur,
806 3724 895 3794 Nam
915 3745 995 3796 cnm
1015 3723 1079 3812 IV,
1102 3729 1137 3811 2,
1158 3725 1219 3793 47.
1242 3721 1384 3792 dicitur:

333 3919 383 3987 At
400 3917 484 3986 mihi
505 3918 596 4004 quod
615 3916 744 3990 formas
765 3939 852 3990 unns
872 3919 1034 3991 vertebar
1052 3919 1086 3988 in
1109 3936 1289 3987 omnes-

227 4111 309 4198 quia
335 4116 417 4181 ante
445 4110 536 4180 idem
554 4108 768 4180 Vertumnus
798 4119 884 4201 quot
903 4113 1018 4182 varias
1036 4110 1166 4182 formas
1186 4109 1379 4180 sustineret
1397 4123 1501 4194 expo-

227 4233 310 4322 suit,
330 4252 397 4304 non
418 4253 454 4304 se
474 4234 562 4324 aliis,
583 4233 645 4305 sed
665 4233 737 4304 suis
755 4231 875 4304 formis
894 4254 1018 4305 nomen
1042 4254 1142 4305 sunm
1161 4231 1321 4322 opponit;
1341 4229 1503 4315 idemque

229 4376 307 4427 cum
327 4377 377 4426 vs.
400 4360 460 4427 61.
482 4378 509 4427 s.

335 4548 383 4619 At
402 4549 480 4636 tibi,
500 4550 624 4638 inquit,
644 4549 807 4638 Memmi,
827 4547 958 4619 iormae
978 4548 1133 4619 caelator
1153 4547 1285 4618 ahanaa

389 4671 506 4743 Tellns
526 4673 678 4747 artifices
697 4694 740 4746 ne
759 4679 851 4746 terat
868 4671 959 4744 Osca
977 4691 1159 4742 manus-
