<?xml version="1.0" encoding="UTF-8"?>
<!DOCTYPE html PUBLIC "-//W3C//DTD XHTML 1.0 Transitional//EN"
    "http://www.w3.org/TR/xhtml1/DTD/xhtml1-transitional.dtd">
<html xmlns="http://www.w3.org/1999/xhtml" xml:lang="en" lang="en">
 <head>
  <title>
</title>
<meta http-equiv="Content-Type" content="text/html;charset=utf-8" />
  <meta name='ocr-system' content='tesseract 3.04.00' />
  <meta name='ocr-capabilities' content='ocr_page ocr_carea ocr_par ocr_line ocrx_word'/>
</head>
<body>
  <div class='ocr_page' id='page_1' title='image "./dequartopropert00voiggoog_0054.png"; bbox 0 0 3600 5594; ppageno 0'>
   <div class='ocr_carea' id='block_1_1' title="bbox 716 453 924 566">
    <p class='ocr_par' dir='ltr' id='par_1_1' title="bbox 716 453 924 566">
     <span class='ocr_line' id='line_1_1' title="bbox 716 453 924 566; baseline -0.019 -16"><span class='ocrx_word' id='word_1_1' title='bbox 716 453 924 566; x_wconf 58' lang='lat' dir='ltr'>...ip-</span> 
     </span>
    </p>
   </div>
   <div class='ocr_carea' id='block_1_2' title="bbox 190 709 1384 1420">
    <p class='ocr_par' dir='ltr' id='par_1_2' title="bbox 190 709 1384 1420">
     <span class='ocr_line' id='line_1_2' title="bbox 190 709 1384 800; baseline -0.003 -16"><span class='ocrx_word' id='word_1_2' title='bbox 190 719 250 784; x_wconf 88' lang='lat' dir='ltr'>aut</span> <span class='ocrx_word' id='word_1_3' title='bbox 269 711 333 800; x_wconf 87' lang='grc' dir='ltr'><strong>ΙΙΙ,</strong></span> <span class='ocrx_word' id='word_1_4' title='bbox 356 713 391 798; x_wconf 86' lang='grc'>3,</span> <span class='ocrx_word' id='word_1_5' title='bbox 413 714 474 782; x_wconf 81' lang='grc'>41.</span> <span class='ocrx_word' id='word_1_6' title='bbox 491 731 535 782; x_wconf 87' lang='lat' dir='ltr'>ss.</span> <span class='ocrx_word' id='word_1_7' title='bbox 557 710 613 780; x_wconf 89' lang='lat' dir='ltr'>Nil</span> <span class='ocrx_word' id='word_1_8' title='bbox 632 709 697 780; x_wconf 86' lang='lat' dir='ltr'>tibi</span> <span class='ocrx_word' id='word_1_9' title='bbox 717 711 762 781; x_wconf 91' lang='lat' dir='ltr'>sit</span> <span class='ocrx_word' id='word_1_10' title='bbox 781 729 886 780; x_wconf 90' lang='lat' dir='ltr'>rauco</span> <span class='ocrx_word' id='word_1_11' title='bbox 905 711 1089 800; x_wconf 88' lang='lat' dir='ltr'>praeconia</span> <span class='ocrx_word' id='word_1_12' title='bbox 1107 710 1248 780; x_wconf 87' lang='lat' dir='ltr'>classica</span> <span class='ocrx_word' id='word_1_13' title='bbox 1267 730 1384 780; x_wconf 44' lang='lat' dir='ltr'>cornuw</span> 
     </span>
     <span class='ocr_line' id='line_1_3' title="bbox 401 833 1195 924; baseline -0.001 -20"><span class='ocrx_word' id='word_1_14' title='bbox 401 833 503 904; x_wconf 83' lang='lat' dir='ltr'>Flore</span> <span class='ocrx_word' id='word_1_15' title='bbox 523 855 585 906; x_wconf 91' lang='lat' dir='ltr'>nec</span> <span class='ocrx_word' id='word_1_16' title='bbox 606 835 753 905; x_wconf 89' lang='lat' dir='ltr'>Aoniam</span> <span class='ocrx_word' id='word_1_17' title='bbox 773 834 911 923; x_wconf 81' lang='lat' dir='ltr'>cingere</span> <span class='ocrx_word' id='word_1_18' title='bbox 930 833 1044 905; x_wconf 88' lang='lat' dir='ltr'>Marte</span> <span class='ocrx_word' id='word_1_19' title='bbox 1064 854 1195 924; x_wconf 85' lang='lat' dir='ltr'>nemus,</span> 
     </span>
     <span class='ocr_line' id='line_1_4' title="bbox 349 957 1205 1048; baseline -0.002 -19"><span class='ocrx_word' id='word_1_20' title='bbox 349 960 421 1029; x_wconf 89' lang='lat' dir='ltr'>Aut</span> <span class='ocrx_word' id='word_1_21' title='bbox 439 959 564 1046; x_wconf 83' lang='lat' dir='ltr'>quibus</span> <span class='ocrx_word' id='word_1_22' title='bbox 584 959 617 1027; x_wconf 92' lang='lat' dir='ltr'>iu</span> <span class='ocrx_word' id='word_1_23' title='bbox 637 959 767 1047; x_wconf 87' lang='lat' dir='ltr'>campis</span> <span class='ocrx_word' id='word_1_24' title='bbox 782 957 940 1028; x_wconf 89' lang='lat' dir='ltr'>Mariano</span> <span class='ocrx_word' id='word_1_25' title='bbox 960 957 1091 1046; x_wconf 92' lang='lat' dir='ltr'>proelia</span> <span class='ocrx_word' id='word_1_26' title='bbox 1110 959 1205 1048; x_wconf 88' lang='lat' dir='ltr'>signo</span> 
     </span>
     <span class='ocr_line' id='line_1_5' title="bbox 402 1081 1203 1172; baseline 0 -20"><span class='ocrx_word' id='word_1_27' title='bbox 402 1081 501 1152; x_wconf 83' lang='lat' dir='ltr'>Stant</span> <span class='ocrx_word' id='word_1_28' title='bbox 520 1091 555 1152; x_wconf 84' lang='lat' dir='ltr'>et</span> <span class='ocrx_word' id='word_1_29' title='bbox 573 1081 776 1152; x_wconf 85' lang='lat' dir='ltr'>Teutonicas</span> <span class='ocrx_word' id='word_1_30' title='bbox 792 1082 901 1151; x_wconf 87' lang='lat' dir='ltr'>Roma</span> <span class='ocrx_word' id='word_1_31' title='bbox 920 1081 1087 1170; x_wconf 73' lang='lat' dir='ltr'>refringat</span> <span class='ocrx_word' id='word_1_32' title='bbox 1105 1103 1203 1172; x_wconf 90' lang='lat' dir='ltr'>opes:</span> 
     </span>
     <span class='ocr_line' id='line_1_6' title="bbox 350 1203 1305 1295; baseline 0.003 -21"><span class='ocrx_word' id='word_1_33' title='bbox 350 1205 525 1276; x_wconf 89' lang='lat' dir='ltr'>Barbarus</span> <span class='ocrx_word' id='word_1_34' title='bbox 545 1203 723 1275; x_wconf 85' lang='lat' dir='ltr'>autSuevo</span> <span class='ocrx_word' id='word_1_35' title='bbox 743 1204 905 1293; x_wconf 85' lang='lat' dir='ltr'>perinsus</span> <span class='ocrx_word' id='word_1_36' title='bbox 924 1205 1089 1295; x_wconf 86' lang='lat' dir='ltr'>sauguine</span> <span class='ocrx_word' id='word_1_37' title='bbox 1101 1206 1240 1277; x_wconf 86' lang='lat' dir='ltr'><strong>Rhenus</strong></span> <span class='ocrx_word' id='word_1_38' title='bbox 1303 1233 1305 1237; x_wconf 93' lang='lat'>·</span> 
     </span>
     <span class='ocr_line' id='line_1_7' title="bbox 403 1327 1134 1420; baseline 0.001 -21"><span class='ocrx_word' id='word_1_39' title='bbox 403 1327 527 1399; x_wconf 83' lang='lat' dir='ltr'>Saucia</span> <span class='ocrx_word' id='word_1_40' title='bbox 546 1330 714 1400; x_wconf 90' lang='lat' dir='ltr'>moerenti</span> <span class='ocrx_word' id='word_1_41' title='bbox 734 1349 878 1417; x_wconf 91' lang='lat' dir='ltr'>corpora</span> <span class='ocrx_word' id='word_1_42' title='bbox 897 1336 1015 1400; x_wconf 87' lang='lat' dir='ltr'>vectet</span> <span class='ocrx_word' id='word_1_43' title='bbox 1034 1351 1134 1420; x_wconf 90' lang='lat' dir='ltr'>aqua.</span> 
     </span>
    </p>
   </div>
   <div class='ocr_carea' id='block_1_3' title="bbox 185 1541 1457 2854">
    <p class='ocr_par' dir='ltr' id='par_1_3' title="bbox 185 1541 1457 2854">
     <span class='ocr_line' id='line_1_8' title="bbox 193 1541 1449 1634; baseline 0.002 -22"><span class='ocrx_word' id='word_1_44' title='bbox 193 1542 260 1630; x_wconf 78' lang='lat' dir='ltr'>Qui</span> <span class='ocrx_word' id='word_1_45' title='bbox 278 1543 416 1632; x_wconf 87' lang='lat' dir='ltr'>quidem</span> <span class='ocrx_word' id='word_1_46' title='bbox 436 1543 533 1613; x_wconf 91' lang='lat' dir='ltr'>locus</span> <span class='ocrx_word' id='word_1_47' title='bbox 549 1543 581 1612; x_wconf 91' lang='lat' dir='ltr'>ei</span> <span class='ocrx_word' id='word_1_48' title='bbox 600 1543 642 1612; x_wconf 87' lang='lat' dir='ltr'>dc</span> <span class='ocrx_word' id='word_1_49' title='bbox 663 1562 730 1631; x_wconf 91' lang='lat' dir='ltr'>quo</span> <span class='ocrx_word' id='word_1_50' title='bbox 754 1542 924 1632; x_wconf 89' lang='lat' dir='ltr'>loquimur</span> <span class='ocrx_word' id='word_1_51' title='bbox 946 1541 1011 1613; x_wconf 89' lang='lat' dir='ltr'>hoc</span> <span class='ocrx_word' id='word_1_52' title='bbox 1033 1551 1088 1614; x_wconf 87' lang='lat' dir='ltr'>est</span> <span class='ocrx_word' id='word_1_53' title='bbox 1112 1543 1256 1614; x_wconf 85' lang='lat' dir='ltr'>similior</span> <span class='ocrx_word' id='word_1_54' title='bbox 1280 1544 1371 1634; x_wconf 84' lang='lat' dir='ltr'>qnod</span> <span class='ocrx_word' id='word_1_55' title='bbox 1390 1564 1449 1614; x_wconf 89' lang='lat' dir='ltr'>ne·</span> 
     </span>
     <span class='ocr_line' id='line_1_9' title="bbox 195 1665 1453 1758; baseline 0 -20"><span class='ocrx_word' id='word_1_56' title='bbox 195 1687 260 1755; x_wconf 89' lang='lat' dir='ltr'>que</span> <span class='ocrx_word' id='word_1_57' title='bbox 278 1668 321 1739; x_wconf 87' lang='lat' dir='ltr'>ab</span> <span class='ocrx_word' id='word_1_58' title='bbox 339 1668 416 1758; x_wconf 90' lang='lat' dir='ltr'>ipso</span> <span class='ocrx_word' id='word_1_59' title='bbox 435 1668 610 1756; x_wconf 88' lang='lat' dir='ltr'>pretium</span> <span class='ocrx_word' id='word_1_60' title='bbox 628 1666 767 1738; x_wconf 87' lang='lat' dir='ltr'>fecere</span> <span class='ocrx_word' id='word_1_61' title='bbox 786 1687 897 1755; x_wconf 88' lang='lat' dir='ltr'>neque</span> <span class='ocrx_word' id='word_1_62' title='bbox 916 1665 961 1737; x_wconf 90' lang='lat' dir='ltr'>ab</span> <span class='ocrx_word' id='word_1_63' title='bbox 978 1667 1053 1756; x_wconf 91' lang='lat' dir='ltr'>ipso</span> <span class='ocrx_word' id='word_1_64' title='bbox 1079 1666 1184 1738; x_wconf 86' lang='lat' dir='ltr'>flare</span> <span class='ocrx_word' id='word_1_65' title='bbox 1202 1667 1256 1738; x_wconf 89' lang='lat' dir='ltr'>vel</span> <span class='ocrx_word' id='word_1_66' title='bbox 1275 1668 1453 1758; x_wconf 89' lang='lat' dir='ltr'>cingere,</span> 
     </span>
     <span class='ocr_line' id='line_1_10' title="bbox 196 1789 1452 1883; baseline 0.001 -23"><span class='ocrx_word' id='word_1_67' title='bbox 196 1791 256 1860; x_wconf 88' lang='lat' dir='ltr'>sed</span> <span class='ocrx_word' id='word_1_68' title='bbox 276 1791 318 1862; x_wconf 87' lang='lat' dir='ltr'>ab</span> <span class='ocrx_word' id='word_1_69' title='bbox 339 1812 378 1862; x_wconf 92' lang='lat' dir='ltr'>eo</span> <span class='ocrx_word' id='word_1_70' title='bbox 399 1792 504 1862; x_wconf 86' lang='lat' dir='ltr'>verbo</span> <span class='ocrx_word' id='word_1_71' title='bbox 524 1791 731 1877; x_wconf 86' lang='lat' dir='ltr'>declarandi,</span> <span class='ocrx_word' id='word_1_72' title='bbox 757 1789 848 1879; x_wconf 87' lang='lat' dir='ltr'>quod</span> <span class='ocrx_word' id='word_1_73' title='bbox 869 1790 956 1862; x_wconf 87' lang='lat' dir='ltr'>latet</span> <span class='ocrx_word' id='word_1_74' title='bbox 978 1792 1012 1860; x_wconf 91' lang='lat' dir='ltr'>in</span> <span class='ocrx_word' id='word_1_75' title='bbox 1034 1792 1090 1862; x_wconf 91' lang='lat' dir='ltr'>his</span> <span class='ocrx_word' id='word_1_76' title='bbox 1111 1791 1236 1880; x_wconf 85' lang='lat' dir='ltr'>verbis,</span> <span class='ocrx_word' id='word_1_77' title='bbox 1260 1792 1452 1883; x_wconf 88' lang='lat' dir='ltr'>interroga-</span> 
     </span>
     <span class='ocr_line' id='line_1_11' title="bbox 197 1913 1452 2006; baseline 0.003 -22"><span class='ocrx_word' id='word_1_78' title='bbox 197 1916 246 1988; x_wconf 85' lang='lat' dir='ltr'>tio</span> <span class='ocrx_word' id='word_1_79' title='bbox 265 1925 344 2005; x_wconf 89' lang='lat' dir='ltr'>apta</span> <span class='ocrx_word' id='word_1_80' title='bbox 370 1924 434 1988; x_wconf 86' lang='lat' dir='ltr'>est.</span> <span class='ocrx_word' id='word_1_81' title='bbox 463 1915 512 1988; x_wconf 90' lang='lat' dir='ltr'>Ut</span> <span class='ocrx_word' id='word_1_82' title='bbox 540 1916 628 1986; x_wconf 90' lang='lat' dir='ltr'>enim</span> <span class='ocrx_word' id='word_1_83' title='bbox 657 1921 780 2003; x_wconf 87' lang='lat' dir='ltr'>poetae</span> <span class='ocrx_word' id='word_1_84' title='bbox 812 1913 897 1985; x_wconf 88' lang='lat' dir='ltr'>llant</span> <span class='ocrx_word' id='word_1_85' title='bbox 922 1916 1106 2006; x_wconf 88' lang='lat' dir='ltr'>praeconia</span> <span class='ocrx_word' id='word_1_86' title='bbox 1133 1921 1169 1986; x_wconf 88' lang='lat' dir='ltr'>et</span> <span class='ocrx_word' id='word_1_87' title='bbox 1188 1915 1302 1988; x_wconf 88' lang='lat' dir='ltr'>Marte</span> <span class='ocrx_word' id='word_1_88' title='bbox 1332 1937 1452 1990; x_wconf 90' lang='lat' dir='ltr'>nemus</span> 
     </span>
     <span class='ocr_line' id='line_1_12' title="bbox 197 2039 1453 2130; baseline 0.001 -21"><span class='ocrx_word' id='word_1_89' title='bbox 197 2041 343 2110; x_wconf 92' lang='lat' dir='ltr'>Aonium</span> <span class='ocrx_word' id='word_1_90' title='bbox 358 2041 498 2128; x_wconf 86' lang='lat' dir='ltr'>cingunt</span> <span class='ocrx_word' id='word_1_91' title='bbox 517 2039 667 2110; x_wconf 86' lang='lat' dir='ltr'>canendo</span> <span class='ocrx_word' id='word_1_92' title='bbox 687 2047 722 2108; x_wconf 84' lang='lat' dir='ltr'>et</span> <span class='ocrx_word' id='word_1_93' title='bbox 743 2039 935 2126; x_wconf 86' lang='lat' dir='ltr'>scribendo,</span> <span class='ocrx_word' id='word_1_94' title='bbox 951 2039 1000 2108; x_wconf 91' lang='lat' dir='ltr'>ita</span> <span class='ocrx_word' id='word_1_95' title='bbox 1019 2039 1181 2129; x_wconf 80' lang='lat' dir='ltr'>astrologi</span> <span class='ocrx_word' id='word_1_96' title='bbox 1194 2041 1290 2112; x_wconf 89' lang='lat' dir='ltr'>Deos</span> <span class='ocrx_word' id='word_1_97' title='bbox 1303 2041 1453 2130; x_wconf 87' lang='lat' dir='ltr'>pretium</span> 
     </span>
     <span class='ocr_line' id='line_1_13' title="bbox 185 2143 1453 2254; baseline 0.002 -20"><span class='ocrx_word' id='word_1_98' title='bbox 185 2143 310 2236; x_wconf 74' lang='lat' dir='ltr'>¹fecere</span> <span class='ocrx_word' id='word_1_99' title='bbox 336 2162 545 2254; x_wconf 83' lang='lat' dir='ltr'>proferendo</span> <span class='ocrx_word' id='word_1_100' title='bbox 577 2169 613 2232; x_wconf 91' lang='lat' dir='ltr'>et</span> <span class='ocrx_word' id='word_1_101' title='bbox 640 2162 850 2251; x_wconf 84' lang='lat' dir='ltr'>explicando.</span> <span class='ocrx_word' id='word_1_102' title='bbox 880 2162 1024 2249; x_wconf 79' lang='lat' dir='ltr'>Contra,</span> <span class='ocrx_word' id='word_1_103' title='bbox 1055 2163 1084 2232; x_wconf 90' lang='lat' dir='ltr'>si</span> <span class='ocrx_word' id='word_1_104' title='bbox 1112 2164 1197 2234; x_wconf 90' lang='lat' dir='ltr'>haec</span> <span class='ocrx_word' id='word_1_105' title='bbox 1225 2165 1453 2254; x_wconf 86' lang='lat' dir='ltr'>interrogatio</span> 
     </span>
     <span class='ocr_line' id='line_1_14' title="bbox 198 2285 1455 2378; baseline 0.001 -20"><span class='ocrx_word' id='word_1_106' title='bbox 198 2291 324 2378; x_wconf 88' lang='lat' dir='ltr'>quique</span> <span class='ocrx_word' id='word_1_107' title='bbox 353 2286 558 2358; x_wconf 90' lang='lat' dir='ltr'>antecedunt</span> <span class='ocrx_word' id='word_1_108' title='bbox 590 2286 777 2358; x_wconf 85' lang='lat' dir='ltr'>accusativi</span> <span class='ocrx_word' id='word_1_109' title='bbox 813 2307 855 2358; x_wconf 90' lang='lat' dir='ltr'>ex</span> <span class='ocrx_word' id='word_1_110' title='bbox 883 2287 1012 2358; x_wconf 86' lang='lat' dir='ltr'>dicam</span> <span class='ocrx_word' id='word_1_111' title='bbox 1049 2293 1130 2374; x_wconf 88' lang='lat' dir='ltr'>apta</span> <span class='ocrx_word' id='word_1_112' title='bbox 1166 2285 1352 2378; x_wconf 87' lang='lat' dir='ltr'>faciemus,</span> <span class='ocrx_word' id='word_1_113' title='bbox 1389 2309 1455 2360; x_wconf 89' lang='lat' dir='ltr'>non</span> 
     </span>
     <span class='ocr_line' id='line_1_15' title="bbox 197 2409 1455 2501; baseline -0.001 -18"><span class='ocrx_word' id='word_1_114' title='bbox 197 2413 306 2484; x_wconf 88' lang='lat' dir='ltr'>solum</span> <span class='ocrx_word' id='word_1_115' title='bbox 347 2431 470 2501; x_wconf 89' lang='lat' dir='ltr'>parum</span> <span class='ocrx_word' id='word_1_116' title='bbox 505 2411 668 2480; x_wconf 86' lang='lat' dir='ltr'>concinne</span> <span class='ocrx_word' id='word_1_117' title='bbox 701 2410 743 2480; x_wconf 89' lang='lat' dir='ltr'>ab</span> <span class='ocrx_word' id='word_1_118' title='bbox 778 2411 897 2482; x_wconf 89' lang='lat' dir='ltr'>eodem</span> <span class='ocrx_word' id='word_1_119' title='bbox 934 2409 1040 2482; x_wconf 86' lang='lat' dir='ltr'>verbo</span> <span class='ocrx_word' id='word_1_120' title='bbox 1076 2418 1111 2482; x_wconf 88' lang='lat' dir='ltr'>et</span> <span class='ocrx_word' id='word_1_121' title='bbox 1142 2411 1277 2482; x_wconf 86' lang='lat' dir='ltr'>obiecta</span> <span class='ocrx_word' id='word_1_122' title='bbox 1309 2419 1344 2483; x_wconf 88' lang='lat' dir='ltr'>et</span> <span class='ocrx_word' id='word_1_123' title='bbox 1369 2412 1455 2484; x_wconf 89' lang='lat' dir='ltr'>obli·</span> 
     </span>
     <span class='ocr_line' id='line_1_16' title="bbox 197 2534 1457 2626; baseline 0.001 -20"><span class='ocrx_word' id='word_1_124' title='bbox 197 2557 265 2626; x_wconf 87' lang='lat' dir='ltr'>qua</span> <span class='ocrx_word' id='word_1_125' title='bbox 292 2544 327 2605; x_wconf 87' lang='lat' dir='ltr'>et</span> <span class='ocrx_word' id='word_1_126' title='bbox 357 2536 490 2604; x_wconf 87' lang='lat' dir='ltr'>directa</span> <span class='ocrx_word' id='word_1_127' title='bbox 513 2535 624 2604; x_wconf 87' lang='lat' dir='ltr'>oratio</span> <span class='ocrx_word' id='word_1_128' title='bbox 656 2534 841 2622; x_wconf 87' lang='lat' dir='ltr'>pendebit,</span> <span class='ocrx_word' id='word_1_129' title='bbox 876 2554 994 2604; x_wconf 90' lang='lat' dir='ltr'>verum</span> <span class='ocrx_word' id='word_1_130' title='bbox 1022 2534 1124 2604; x_wconf 88' lang='lat' dir='ltr'>etiarn</span> <span class='ocrx_word' id='word_1_131' title='bbox 1152 2536 1187 2606; x_wconf 93' lang='lat' dir='ltr'>id</span> <span class='ocrx_word' id='word_1_132' title='bbox 1215 2536 1308 2607; x_wconf 87' lang='lat' dir='ltr'>dicet</span> <span class='ocrx_word' id='word_1_133' title='bbox 1334 2537 1457 2608; x_wconf 91' lang='lat' dir='ltr'>horos·</span> 
     </span>
     <span class='ocr_line' id='line_1_17' title="bbox 196 2657 1456 2751; baseline 0.001 -20"><span class='ocrx_word' id='word_1_134' title='bbox 196 2681 312 2751; x_wconf 88' lang='lat' dir='ltr'>copus,</span> <span class='ocrx_word' id='word_1_135' title='bbox 343 2657 433 2748; x_wconf 91' lang='lat' dir='ltr'>quod</span> <span class='ocrx_word' id='word_1_136' title='bbox 456 2678 565 2747; x_wconf 91' lang='lat' dir='ltr'>neque</span> <span class='ocrx_word' id='word_1_137' title='bbox 596 2658 723 2728; x_wconf 80' lang='lat' dir='ltr'>attinet</span> <span class='ocrx_word' id='word_1_138' title='bbox 750 2659 815 2727; x_wconf 89' lang='lat' dir='ltr'>hoc</span> <span class='ocrx_word' id='word_1_139' title='bbox 844 2657 919 2728; x_wconf 86' lang='lat' dir='ltr'>loco</span> <span class='ocrx_word' id='word_1_140' title='bbox 942 2658 1057 2728; x_wconf 89' lang='lat' dir='ltr'>dicere</span> <span class='ocrx_word' id='word_1_141' title='bbox 1083 2665 1118 2730; x_wconf 89' lang='lat' dir='ltr'>et</span> <span class='ocrx_word' id='word_1_142' title='bbox 1140 2659 1233 2729; x_wconf 92' lang='lat' dir='ltr'>idem</span> <span class='ocrx_word' id='word_1_143' title='bbox 1258 2659 1342 2731; x_wconf 87' lang='lat' dir='ltr'>dicit</span> <span class='ocrx_word' id='word_1_144' title='bbox 1365 2660 1456 2732; x_wconf 87' lang='lat' dir='ltr'>infra</span> 
     </span>
     <span class='ocr_line' id='line_1_18' title="bbox 196 2785 447 2854; baseline -0.024 0"><span class='ocrx_word' id='word_1_145' title='bbox 196 2806 262 2854; x_wconf 90' lang='lat' dir='ltr'>vss.</span> <span class='ocrx_word' id='word_1_146' title='bbox 295 2785 378 2853; x_wconf 88' lang='lat'>103.</span> <span class='ocrx_word' id='word_1_147' title='bbox 401 2801 447 2851; x_wconf 90' lang='lat' dir='ltr'>ss.</span> 
     </span>
    </p>
   </div>
   <div class='ocr_carea' id='block_1_4' title="bbox 269 2955 1412 3437">
    <p class='ocr_par' dir='ltr' id='par_1_4' title="bbox 269 2955 1412 3437">
     <span class='ocr_line' id='line_1_19' title="bbox 354 2955 1412 3068; baseline 0.002 -22"><span class='ocrx_word' id='word_1_148' title='bbox 354 2977 430 3047; x_wconf 92' lang='lat' dir='ltr'>Hoc</span> <span class='ocrx_word' id='word_1_149' title='bbox 448 2995 558 3065; x_wconf 89' lang='lat' dir='ltr'>neque</span> <span class='ocrx_word' id='word_1_150' title='bbox 577 2996 757 3046; x_wconf 86' lang='lat' dir='ltr'>arenosum</span> <span class='ocrx_word' id='word_1_151' title='bbox 780 2975 911 3066; x_wconf 80' lang='lat' dir='ltr'>libyae</span> <span class='ocrx_word' id='word_1_152' title='bbox 931 2976 1023 3048; x_wconf 88' lang='lat' dir='ltr'>lovis</span> <span class='ocrx_word' id='word_1_153' title='bbox 1043 2977 1192 3067; x_wconf 86' lang='lat' dir='ltr'>explicat</span> <span class='ocrx_word' id='word_1_154' title='bbox 1211 2955 1360 3068; x_wconf 85' lang='lat' dir='ltr'>antrum,</span> <span class='ocrx_word' id='word_1_155' title='bbox 1410 3031 1412 3038; x_wconf 43' lang='lat'>&gt;</span> 
     </span>
     <span class='ocr_line' id='line_1_20' title="bbox 406 3099 1192 3172; baseline 0.003 -2"><span class='ocrx_word' id='word_1_156' title='bbox 406 3102 479 3170; x_wconf 89' lang='lat' dir='ltr'>Aut</span> <span class='ocrx_word' id='word_1_157' title='bbox 498 3099 564 3169; x_wconf 90' lang='lat' dir='ltr'>sibi</span> <span class='ocrx_word' id='word_1_158' title='bbox 584 3100 783 3170; x_wconf 89' lang='lat' dir='ltr'>commissos</span> <span class='ocrx_word' id='word_1_159' title='bbox 802 3099 889 3170; x_wconf 88' lang='lat' dir='ltr'>libra</span> <span class='ocrx_word' id='word_1_160' title='bbox 907 3101 1022 3170; x_wconf 88' lang='lat' dir='ltr'>locuta</span> <span class='ocrx_word' id='word_1_161' title='bbox 1041 3101 1133 3172; x_wconf 85' lang='lat' dir='ltr'>Deos</span> <span class='ocrx_word' id='word_1_162' title='bbox 1145 3139 1192 3154; x_wconf 88' lang='lat'>-</span> 
     </span>
     <span class='ocr_line' id='line_1_21' title="bbox 269 3222 1235 3312; baseline 0.001 -19"><span class='ocrx_word' id='word_1_163' title='bbox 269 3225 352 3293; x_wconf 84' lang='lat'>107.</span> <span class='ocrx_word' id='word_1_164' title='bbox 372 3222 584 3312; x_wconf 87' lang='lat' dir='ltr'>Aspicieada</span> <span class='ocrx_word' id='word_1_165' title='bbox 603 3222 658 3292; x_wconf 89' lang='lat' dir='ltr'>via</span> <span class='ocrx_word' id='word_1_166' title='bbox 677 3231 730 3292; x_wconf 85' lang='lat' dir='ltr'>est</span> <span class='ocrx_word' id='word_1_167' title='bbox 745 3223 834 3292; x_wconf 92' lang='lat' dir='ltr'>coeli</span> <span class='ocrx_word' id='word_1_168' title='bbox 854 3243 1040 3312; x_wconf 88' lang='lat' dir='ltr'>versusque</span> <span class='ocrx_word' id='word_1_169' title='bbox 1060 3245 1124 3312; x_wconf 91' lang='lat' dir='ltr'>per</span> <span class='ocrx_word' id='word_1_170' title='bbox 1141 3232 1235 3294; x_wconf 85' lang='lat' dir='ltr'>astra</span> 
     </span>
     <span class='ocr_line' id='line_1_22' title="bbox 408 3346 1315 3437; baseline 0.004 -21"><span class='ocrx_word' id='word_1_171' title='bbox 408 3346 561 3435; x_wconf 82' lang='lat' dir='ltr'>Tramas,</span> <span class='ocrx_word' id='word_1_172' title='bbox 583 3351 618 3415; x_wconf 90' lang='lat' dir='ltr'>et</span> <span class='ocrx_word' id='word_1_173' title='bbox 636 3346 679 3416; x_wconf 89' lang='lat' dir='ltr'>ab</span> <span class='ocrx_word' id='word_1_174' title='bbox 699 3347 794 3417; x_wconf 85' lang='lat' dir='ltr'>zonis</span> <span class='ocrx_word' id='word_1_175' title='bbox 814 3347 965 3437; x_wconf 89' lang='lat' dir='ltr'>quinque</span> <span class='ocrx_word' id='word_1_176' title='bbox 984 3348 1132 3437; x_wconf 88' lang='lat' dir='ltr'>petenda</span> <span class='ocrx_word' id='word_1_177' title='bbox 1149 3347 1246 3420; x_wconf 88' lang='lat' dir='ltr'>fides.</span> <span class='ocrx_word' id='word_1_178' title='bbox 1270 3389 1315 3400; x_wconf 92' lang='lat'>-</span> 
     </span>
    </p>
   </div>
   <div class='ocr_carea' id='block_1_5' title="bbox 197 3558 1540 4888">
    <p class='ocr_par' dir='ltr' id='par_1_5' title="bbox 197 3558 1540 4888">
     <span class='ocr_line' id='line_1_23' title="bbox 200 3558 1459 3650; baseline 0.001 -18"><span class='ocrx_word' id='word_1_179' title='bbox 200 3561 248 3632; x_wconf 91' lang='lat' dir='ltr'>Ut</span> <span class='ocrx_word' id='word_1_180' title='bbox 267 3561 357 3630; x_wconf 88' lang='lat' dir='ltr'>enim</span> <span class='ocrx_word' id='word_1_181' title='bbox 376 3559 550 3630; x_wconf 88' lang='lat' dir='ltr'>mittamus</span> <span class='ocrx_word' id='word_1_182' title='bbox 570 3559 661 3649; x_wconf 90' lang='lat' dir='ltr'>quod</span> <span class='ocrx_word' id='word_1_183' title='bbox 681 3560 954 3632; x_wconf 83' lang='lat' dir='ltr'>Luettiolrannes</span> <span class='ocrx_word' id='word_1_184' title='bbox 972 3558 1117 3650; x_wconf 90' lang='lat' dir='ltr'>prolert,</span> <span class='ocrx_word' id='word_1_185' title='bbox 1148 3562 1265 3632; x_wconf 89' lang='lat' dir='ltr'>stellas</span> <span class='ocrx_word' id='word_1_186' title='bbox 1284 3562 1459 3634; x_wconf 88' lang='lat' dir='ltr'>dicturum</span> 
     </span>
     <span class='ocr_line' id='line_1_24' title="bbox 201 3683 1460 3774; baseline 0 -20"><span class='ocrx_word' id='word_1_187' title='bbox 201 3685 259 3774; x_wconf 90' lang='lat' dir='ltr'>qui</span> <span class='ocrx_word' id='word_1_188' title='bbox 278 3683 500 3773; x_wconf 86' lang='lat' dir='ltr'>astrologiam</span> <span class='ocrx_word' id='word_1_189' title='bbox 522 3684 679 3773; x_wconf 89' lang='lat' dir='ltr'>explicet,</span> <span class='ocrx_word' id='word_1_190' title='bbox 701 3705 768 3754; x_wconf 90' lang='lat' dir='ltr'>non</span> <span class='ocrx_word' id='word_1_191' title='bbox 789 3685 848 3772; x_wconf 93' lang='lat' dir='ltr'>qui</span> <span class='ocrx_word' id='word_1_192' title='bbox 875 3705 917 3754; x_wconf 87' lang='lat' dir='ltr'>ex</span> <span class='ocrx_word' id='word_1_193' title='bbox 945 3685 1134 3773; x_wconf 85' lang='lat' dir='ltr'>astrologia</span> <span class='ocrx_word' id='word_1_194' title='bbox 1153 3690 1268 3756; x_wconf 89' lang='lat' dir='ltr'>certas</span> <span class='ocrx_word' id='word_1_195' title='bbox 1286 3706 1342 3756; x_wconf 87' lang='lat' dir='ltr'>res</span> <span class='ocrx_word' id='word_1_196' title='bbox 1360 3705 1460 3774; x_wconf 88' lang='lat' dir='ltr'>prae-</span> 
     </span>
     <span class='ocr_line' id='line_1_25' title="bbox 201 3808 1540 3912; baseline 0 -34"><span class='ocrx_word' id='word_1_197' title='bbox 201 3808 309 3880; x_wconf 88' lang='lat' dir='ltr'>dicat:</span> <span class='ocrx_word' id='word_1_198' title='bbox 330 3808 476 3878; x_wconf 87' lang='lat' dir='ltr'>alaude</span> <span class='ocrx_word' id='word_1_199' title='bbox 498 3828 578 3878; x_wconf 89' lang='lat' dir='ltr'>suas</span> <span class='ocrx_word' id='word_1_200' title='bbox 596 3816 732 3897; x_wconf 89' lang='lat' dir='ltr'>repetat</span> <span class='ocrx_word' id='word_1_201' title='bbox 748 3808 1008 3880; x_wconf 87' lang='lat' dir='ltr'>vaticinationes</span> <span class='ocrx_word' id='word_1_202' title='bbox 1024 3809 1070 3878; x_wconf 90' lang='lat' dir='ltr'>ibi</span> <span class='ocrx_word' id='word_1_203' title='bbox 1088 3810 1266 3898; x_wconf 88' lang='lat' dir='ltr'>aptissime</span> <span class='ocrx_word' id='word_1_204' title='bbox 1287 3809 1379 3899; x_wconf 87' lang='lat' dir='ltr'>dicit,</span> <span class='ocrx_word' id='word_1_205' title='bbox 1400 3809 1459 3880; x_wconf 88' lang='lat' dir='ltr'>ubi</span> <span class='ocrx_word' id='word_1_206' title='bbox 1539 3903 1540 3912; x_wconf 8' lang='grc' dir='ltr'>ἵ</span> 
     </span>
     <span class='ocr_line' id='line_1_26' title="bbox 197 3929 1461 4028; baseline 0.003 -28"><span class='ocrx_word' id='word_1_207' title='bbox 197 3932 272 4023; x_wconf 91' lang='lat' dir='ltr'>ipso</span> <span class='ocrx_word' id='word_1_208' title='bbox 290 3952 416 4024; x_wconf 88' lang='lat' dir='ltr'>genere</span> <span class='ocrx_word' id='word_1_209' title='bbox 441 3938 544 4028; x_wconf 87' lang='lat' dir='ltr'>atque</span> <span class='ocrx_word' id='word_1_210' title='bbox 572 3933 701 4020; x_wconf 88' lang='lat' dir='ltr'>origiue</span> <span class='ocrx_word' id='word_1_211' title='bbox 729 3933 798 4002; x_wconf 88' lang='lat' dir='ltr'>arti</span> <span class='ocrx_word' id='word_1_212' title='bbox 826 3952 907 4002; x_wconf 90' lang='lat' dir='ltr'>suae</span> <span class='ocrx_word' id='word_1_213' title='bbox 935 3930 1038 4002; x_wconf 87' lang='lat' dir='ltr'>fidem</span> <span class='ocrx_word' id='word_1_214' title='bbox 1066 3929 1162 4020; x_wconf 85' lang='lat' dir='ltr'>facit,</span> <span class='ocrx_word' id='word_1_215' title='bbox 1191 3951 1258 4001; x_wconf 93' lang='lat' dir='ltr'>non</span> <span class='ocrx_word' id='word_1_216' title='bbox 1278 3931 1328 4001; x_wconf 90' lang='lat' dir='ltr'>ibi</span> <span class='ocrx_word' id='word_1_217' title='bbox 1345 3932 1406 4003; x_wconf 93' lang='lat' dir='ltr'>ubi</span> <span class='ocrx_word' id='word_1_218' title='bbox 1423 3933 1461 4004; x_wconf 89' lang='lat' dir='ltr'>id</span> 
     </span>
     <span class='ocr_line' id='line_1_27' title="bbox 200 4054 1460 4144; baseline 0 -17"><span class='ocrx_word' id='word_1_219' title='bbox 200 4077 304 4127; x_wconf 91' lang='lat' dir='ltr'>unum</span> <span class='ocrx_word' id='word_1_220' title='bbox 325 4057 407 4144; x_wconf 83' lang='lat' dir='ltr'>agit,</span> <span class='ocrx_word' id='word_1_221' title='bbox 429 4064 468 4125; x_wconf 88' lang='lat' dir='ltr'>ut</span> <span class='ocrx_word' id='word_1_222' title='bbox 487 4076 524 4126; x_wconf 93' lang='lat' dir='ltr'>se</span> <span class='ocrx_word' id='word_1_223' title='bbox 545 4055 676 4144; x_wconf 86' lang='lat' dir='ltr'>quidem</span> <span class='ocrx_word' id='word_1_224' title='bbox 697 4075 779 4124; x_wconf 90' lang='lat' dir='ltr'>vera</span> <span class='ocrx_word' id='word_1_225' title='bbox 799 4056 926 4143; x_wconf 89' lang='lat' dir='ltr'>dicere,</span> <span class='ocrx_word' id='word_1_226' title='bbox 950 4056 1035 4125; x_wconf 89' lang='lat' dir='ltr'>alios</span> <span class='ocrx_word' id='word_1_227' title='bbox 1053 4054 1173 4126; x_wconf 86' lang='lat' dir='ltr'>fallere</span> <span class='ocrx_word' id='word_1_228' title='bbox 1192 4062 1373 4127; x_wconf 87' lang='lat' dir='ltr'>asseveret.</span> <span class='ocrx_word' id='word_1_229' title='bbox 1395 4057 1460 4127; x_wconf 86' lang='lat' dir='ltr'>At·</span> 
     </span>
     <span class='ocr_line' id='line_1_28' title="bbox 198 4179 1461 4270; baseline 0 -21"><span class='ocrx_word' id='word_1_230' title='bbox 198 4201 265 4270; x_wconf 90' lang='lat' dir='ltr'>que</span> <span class='ocrx_word' id='word_1_231' title='bbox 289 4182 365 4268; x_wconf 90' lang='lat' dir='ltr'>quis</span> <span class='ocrx_word' id='word_1_232' title='bbox 384 4200 448 4251; x_wconf 92' lang='lat' dir='ltr'>nou</span> <span class='ocrx_word' id='word_1_233' title='bbox 469 4180 564 4248; x_wconf 90' lang='lat' dir='ltr'>videt</span> <span class='ocrx_word' id='word_1_234' title='bbox 584 4198 684 4267; x_wconf 91' lang='lat' dir='ltr'>quam</span> <span class='ocrx_word' id='word_1_235' title='bbox 712 4186 791 4266; x_wconf 88' lang='lat' dir='ltr'>apte</span> <span class='ocrx_word' id='word_1_236' title='bbox 817 4181 865 4249; x_wconf 87' lang='lat' dir='ltr'>ita</span> <span class='ocrx_word' id='word_1_237' title='bbox 893 4181 1003 4250; x_wconf 87' lang='lat' dir='ltr'>oratio</span> <span class='ocrx_word' id='word_1_238' title='bbox 1027 4180 1215 4269; x_wconf 86' lang='lat' dir='ltr'>procedat?</span> <span class='ocrx_word' id='word_1_239' title='bbox 1243 4179 1337 4251; x_wconf 89' lang='lat' dir='ltr'>Vera</span> <span class='ocrx_word' id='word_1_240' title='bbox 1356 4202 1392 4252; x_wconf 88' lang='lat' dir='ltr'>se</span> <span class='ocrx_word' id='word_1_241' title='bbox 1411 4182 1461 4251; x_wconf 87' lang='lat' dir='ltr'>ait</span> 
     </span>
     <span class='ocr_line' id='line_1_29' title="bbox 198 4302 1459 4396; baseline 0.001 -24"><span class='ocrx_word' id='word_1_242' title='bbox 198 4305 390 4391; x_wconf 87' lang='lat' dir='ltr'>vaticinari,</span> <span class='ocrx_word' id='word_1_243' title='bbox 412 4304 492 4390; x_wconf 88' lang='lat' dir='ltr'>quia</span> <span class='ocrx_word' id='word_1_244' title='bbox 510 4304 552 4372; x_wconf 90' lang='lat' dir='ltr'>ab</span> <span class='ocrx_word' id='word_1_245' title='bbox 577 4303 727 4391; x_wconf 90' lang='lat' dir='ltr'>antiquis</span> <span class='ocrx_word' id='word_1_246' title='bbox 751 4302 909 4390; x_wconf 86' lang='lat' dir='ltr'>verisque</span> <span class='ocrx_word' id='word_1_247' title='bbox 933 4303 1069 4374; x_wconf 88' lang='lat' dir='ltr'>vatibus</span> <span class='ocrx_word' id='word_1_248' title='bbox 1094 4311 1130 4374; x_wconf 87' lang='lat' dir='ltr'>ot</span> <span class='ocrx_word' id='word_1_249' title='bbox 1153 4305 1321 4394; x_wconf 91' lang='lat' dir='ltr'>originem</span> <span class='ocrx_word' id='word_1_250' title='bbox 1346 4311 1382 4373; x_wconf 88' lang='lat' dir='ltr'>et</span> <span class='ocrx_word' id='word_1_251' title='bbox 1404 4323 1459 4396; x_wconf 80' lang='lat' dir='ltr'>ar·</span> 
     </span>
     <span class='ocr_line' id='line_1_30' title="bbox 199 4426 1459 4514; baseline 0.002 -20"><span class='ocrx_word' id='word_1_252' title='bbox 199 4434 269 4497; x_wconf 86' lang='lat' dir='ltr'>tem</span> <span class='ocrx_word' id='word_1_253' title='bbox 292 4427 440 4514; x_wconf 87' lang='lat' dir='ltr'>duxerit,</span> <span class='ocrx_word' id='word_1_254' title='bbox 461 4447 537 4496; x_wconf 90' lang='lat' dir='ltr'>cum</span> <span class='ocrx_word' id='word_1_255' title='bbox 557 4427 618 4496; x_wconf 84' lang='lat' dir='ltr'>alii</span> <span class='ocrx_word' id='word_1_256' title='bbox 637 4426 798 4514; x_wconf 86' lang='lat' dir='ltr'>aequales</span> <span class='ocrx_word' id='word_1_257' title='bbox 820 4426 1039 4496; x_wconf 89' lang='lat' dir='ltr'>mentiantur.</span> <span class='ocrx_word' id='word_1_258' title='bbox 1066 4426 1159 4514; x_wconf 77' lang='lat' dir='ltr'>Quae</span> <span class='ocrx_word' id='word_1_259' title='bbox 1183 4429 1275 4498; x_wconf 90' lang='lat' dir='ltr'>dicat</span> <span class='ocrx_word' id='word_1_260' title='bbox 1293 4435 1328 4497; x_wconf 87' lang='lat' dir='ltr'>et</span> <span class='ocrx_word' id='word_1_261' title='bbox 1347 4426 1459 4497; x_wconf 86' lang='lat' dir='ltr'>dictu-</span> 
     </span>
     <span class='ocr_line' id='line_1_31' title="bbox 201 4550 1460 4640; baseline 0.002 -20"><span class='ocrx_word' id='word_1_262' title='bbox 201 4571 261 4620; x_wconf 90' lang='lat' dir='ltr'>rus</span> <span class='ocrx_word' id='word_1_263' title='bbox 288 4553 353 4636; x_wconf 90' lang='lat' dir='ltr'>sit,</span> <span class='ocrx_word' id='word_1_264' title='bbox 384 4569 425 4619; x_wconf 87' lang='lat' dir='ltr'>ea</span> <span class='ocrx_word' id='word_1_265' title='bbox 451 4571 518 4620; x_wconf 93' lang='lat' dir='ltr'>non</span> <span class='ocrx_word' id='word_1_266' title='bbox 546 4551 671 4620; x_wconf 59' lang='lat' dir='ltr'>minus*</span> <span class='ocrx_word' id='word_1_267' title='bbox 690 4569 764 4620; x_wconf 89' lang='lat' dir='ltr'>esse</span> <span class='ocrx_word' id='word_1_268' title='bbox 792 4569 876 4620; x_wconf 81' lang='lat' dir='ltr'>uera</span> <span class='ocrx_word' id='word_1_269' title='bbox 909 4570 1008 4639; x_wconf 89' lang='lat' dir='ltr'>quam</span> <span class='ocrx_word' id='word_1_270' title='bbox 1042 4571 1130 4640; x_wconf 83' lang='lat' dir='ltr'>quae</span> <span class='ocrx_word' id='word_1_271' title='bbox 1159 4552 1237 4622; x_wconf 92' lang='lat' dir='ltr'>olim</span> <span class='ocrx_word' id='word_1_272' title='bbox 1266 4551 1307 4621; x_wconf 87' lang='lat' dir='ltr'>de</span> <span class='ocrx_word' id='word_1_273' title='bbox 1335 4550 1460 4622; x_wconf 86' lang='lat' dir='ltr'>Troiae</span> 
     </span>
     <span class='ocr_line' id='line_1_32' title="bbox 199 4674 1461 4762; baseline 0.001 -18"><span class='ocrx_word' id='word_1_274' title='bbox 199 4675 344 4744; x_wconf 87' lang='lat' dir='ltr'>interitu</span> <span class='ocrx_word' id='word_1_275' title='bbox 364 4674 541 4762; x_wconf 89' lang='lat' dir='ltr'>praedicta</span> <span class='ocrx_word' id='word_1_276' title='bbox 561 4675 632 4744; x_wconf 91' lang='lat' dir='ltr'>sint</span> <span class='ocrx_word' id='word_1_277' title='bbox 651 4683 685 4744; x_wconf 87' lang='lat' dir='ltr'>et</span> <span class='ocrx_word' id='word_1_278' title='bbox 705 4675 745 4744; x_wconf 91' lang='lat' dir='ltr'>de</span> <span class='ocrx_word' id='word_1_279' title='bbox 763 4674 872 4744; x_wconf 89' lang='lat' dir='ltr'>omnis</span> <span class='ocrx_word' id='word_1_280' title='bbox 891 4674 1008 4743; x_wconf 89' lang='lat' dir='ltr'>mundi</span> <span class='ocrx_word' id='word_1_281' title='bbox 1028 4675 1170 4746; x_wconf 88' lang='lat' dir='ltr'>interitu</span> <span class='ocrx_word' id='word_1_282' title='bbox 1190 4674 1363 4745; x_wconf 90' lang='lat' dir='ltr'>dicantur.</span> <span class='ocrx_word' id='word_1_283' title='bbox 1385 4674 1461 4746; x_wconf 89' lang='lat' dir='ltr'>Hoc</span> 
     </span>
     <span class='ocr_line' id='line_1_33' title="bbox 198 4797 1460 4888; baseline 0.003 -23"><span class='ocrx_word' id='word_1_284' title='bbox 198 4798 347 4887; x_wconf 82' lang='lat' dir='ltr'>intelligi</span> <span class='ocrx_word' id='word_1_285' title='bbox 367 4817 410 4868; x_wconf 86' lang='lat' dir='ltr'>ex</span> <span class='ocrx_word' id='word_1_286' title='bbox 428 4797 472 4866; x_wconf 91' lang='lat' dir='ltr'>iis</span> <span class='ocrx_word' id='word_1_287' title='bbox 492 4816 579 4884; x_wconf 86' lang='lat' dir='ltr'>qaae</span> <span class='ocrx_word' id='word_1_288' title='bbox 598 4798 684 4868; x_wconf 85' lang='lat' dir='ltr'>alias</span> <span class='ocrx_word' id='word_1_289' title='bbox 708 4801 775 4870; x_wconf 86' lang='lat' dir='ltr'>iam</span> <span class='ocrx_word' id='word_1_290' title='bbox 795 4818 876 4868; x_wconf 87' lang='lat' dir='ltr'>vere</span> <span class='ocrx_word' id='word_1_291' title='bbox 904 4797 1129 4887; x_wconf 82' lang='lat' dir='ltr'>praedixerit3</span> <span class='ocrx_word' id='word_1_292' title='bbox 1158 4800 1225 4871; x_wconf 91' lang='lat' dir='ltr'>hoc</span> <span class='ocrx_word' id='word_1_293' title='bbox 1251 4799 1400 4888; x_wconf 88' lang='lat' dir='ltr'>intelligi</span> <span class='ocrx_word' id='word_1_294' title='bbox 1419 4819 1460 4869; x_wconf 88' lang='lat' dir='ltr'>ex</span> 
     </span>
    </p>
   </div>
   <div class='ocr_carea' id='block_1_6' title="bbox 0 0 1815 5594">
    <p class='ocr_par' dir='ltr' id='par_1_6' title="bbox 0 0 1815 5594">
     <span class='ocr_line' id='line_1_34' title="bbox 0 0 1815 5594; baseline 0 0"><span class='ocrx_word' id='word_1_295' title='bbox 0 0 1815 5594; x_wconf 95' lang='lat' dir='ltr'> </span> 
     </span>
    </p>
   </div>
  </div>
 </body>
</html>
