<?xml version="1.0" encoding="UTF-8"?>
<!DOCTYPE html PUBLIC "-//W3C//DTD XHTML 1.0 Transitional//EN"
    "http://www.w3.org/TR/xhtml1/DTD/xhtml1-transitional.dtd">
<html xmlns="http://www.w3.org/1999/xhtml" xml:lang="en" lang="en">
 <head>
  <title>
</title>
<meta http-equiv="Content-Type" content="text/html;charset=utf-8" />
  <meta name='ocr-system' content='tesseract 3.04.00' />
  <meta name='ocr-capabilities' content='ocr_page ocr_carea ocr_par ocr_line ocrx_word'/>
</head>
<body>
  <div class='ocr_page' id='page_1' title='image "./dequartopropert00voiggoog_0108.png"; bbox 0 0 3600 5594; ppageno 0'>
   <div class='ocr_carea' id='block_1_1' title="bbox 742 531 952 598">
    <p class='ocr_par' dir='ltr' id='par_1_1' title="bbox 742 531 952 598">
     <span class='ocr_line' id='line_1_1' title="bbox 742 531 952 598; baseline 0 0"><span class='ocrx_word' id='word_1_1' title='bbox 742 531 952 598; x_wconf 81' lang='lat'>—101-</span> 
     </span>
    </p>
   </div>
   <div class='ocr_carea' id='block_1_2' title="bbox 212 734 1535 2073">
    <p class='ocr_par' dir='ltr' id='par_1_2' title="bbox 212 734 1535 2073">
     <span class='ocr_line' id='line_1_2' title="bbox 215 734 1481 831; baseline 0.005 -20"><span class='ocrx_word' id='word_1_2' title='bbox 215 739 284 811; x_wconf 84' lang='lat' dir='ltr'>Sed</span> <span class='ocrx_word' id='word_1_3' title='bbox 304 734 473 809; x_wconf 77' lang='lat' dir='ltr'><strong>mittimus</strong></span> <span class='ocrx_word' id='word_1_4' title='bbox 492 759 658 828; x_wconf 84' lang='lat' dir='ltr'>quaerere</span> <span class='ocrx_word' id='word_1_5' title='bbox 677 761 779 830; x_wconf 89' lang='lat' dir='ltr'>quam</span> <span class='ocrx_word' id='word_1_6' title='bbox 798 746 877 828; x_wconf 91' lang='lat' dir='ltr'>apte</span> <span class='ocrx_word' id='word_1_7' title='bbox 900 759 941 810; x_wconf 91' lang='lat' dir='ltr'>eo</span> <span class='ocrx_word' id='word_1_8' title='bbox 964 739 1039 810; x_wconf 94' lang='lat' dir='ltr'>loco</span> <span class='ocrx_word' id='word_1_9' title='bbox 1063 749 1251 831; x_wconf 89' lang='lat' dir='ltr'>ponantur;</span> <span class='ocrx_word' id='word_1_10' title='bbox 1281 745 1367 815; x_wconf 91' lang='lat' dir='ltr'><strong>nihil</strong></span> <span class='ocrx_word' id='word_1_11' title='bbox 1388 747 1481 817; x_wconf 90' lang='lat' dir='ltr'>enim</span> 
     </span>
     <span class='ocr_line' id='line_1_3' title="bbox 214 863 1479 962; baseline 0.005 -27"><span class='ocrx_word' id='word_1_12' title='bbox 214 867 338 936; x_wconf 82' lang='lat' dir='ltr'>attinet</span> <span class='ocrx_word' id='word_1_13' title='bbox 361 864 419 935; x_wconf 94' lang='lat' dir='ltr'>ubi</span> <span class='ocrx_word' id='word_1_14' title='bbox 442 863 590 952; x_wconf 89' lang='lat' dir='ltr'>quidque</span> <span class='ocrx_word' id='word_1_15' title='bbox 613 865 727 953; x_wconf 85' lang='lat' dir='ltr'><strong>possit</strong></span> <span class='ocrx_word' id='word_1_16' title='bbox 749 865 831 962; x_wconf 88' lang='lat' dir='ltr'>poni</span> <span class='ocrx_word' id='word_1_17' title='bbox 855 885 1036 955; x_wconf 83' lang='lat' dir='ltr'>quaerere,</span> <span class='ocrx_word' id='word_1_18' title='bbox 1065 866 1131 935; x_wconf 93' lang='lat' dir='ltr'><strong>nisi</strong></span> <span class='ocrx_word' id='word_1_19' title='bbox 1159 867 1255 954; x_wconf 91' lang='lat' dir='ltr'>prius</span> <span class='ocrx_word' id='word_1_20' title='bbox 1284 889 1352 938; x_wconf 94' lang='lat' dir='ltr'>non</span> <span class='ocrx_word' id='word_1_21' title='bbox 1376 890 1479 958; x_wconf 90' lang='lat' dir='ltr'>posse</span> 
     </span>
     <span class='ocr_line' id='line_1_4' title="bbox 213 989 1478 1079; baseline 0.006 -20"><span class='ocrx_word' id='word_1_22' title='bbox 213 989 298 1060; x_wconf 89' lang='lat' dir='ltr'>ferri</span> <span class='ocrx_word' id='word_1_23' title='bbox 318 1010 357 1060; x_wconf 93' lang='lat' dir='ltr'>eo</span> <span class='ocrx_word' id='word_1_24' title='bbox 377 1010 443 1079; x_wconf 92' lang='lat' dir='ltr'>quo</span> <span class='ocrx_word' id='word_1_25' title='bbox 465 995 517 1059; x_wconf 89' lang='lat' dir='ltr'>est</span> <span class='ocrx_word' id='word_1_26' title='bbox 540 989 691 1076; x_wconf 90' lang='lat' dir='ltr'>positum</span> <span class='ocrx_word' id='word_1_27' title='bbox 713 989 788 1059; x_wconf 92' lang='lat' dir='ltr'>loco</span> <span class='ocrx_word' id='word_1_28' title='bbox 814 989 1029 1077; x_wconf 89' lang='lat' dir='ltr'>exploratum</span> <span class='ocrx_word' id='word_1_29' title='bbox 1052 996 1116 1061; x_wconf 90' lang='lat' dir='ltr'>est.</span> <span class='ocrx_word' id='word_1_30' title='bbox 1155 990 1231 1062; x_wconf 91' lang='lat' dir='ltr'>Hoc</span> <span class='ocrx_word' id='word_1_31' title='bbox 1256 1015 1360 1063; x_wconf 91' lang='lat' dir='ltr'><strong>unum</strong></span> <span class='ocrx_word' id='word_1_32' title='bbox 1384 997 1478 1066; x_wconf 88' lang='lat' dir='ltr'>vide-</span> 
     </span>
     <span class='ocr_line' id='line_1_5' title="bbox 213 1112 1535 1203; baseline -0.002 -18"><span class='ocrx_word' id='word_1_33' title='bbox 213 1135 309 1185; x_wconf 88' lang='lat' dir='ltr'>amus</span> <span class='ocrx_word' id='word_1_34' title='bbox 328 1112 409 1203; x_wconf 95' lang='lat' dir='ltr'>quid</span> <span class='ocrx_word' id='word_1_35' title='bbox 430 1119 551 1184; x_wconf 89' lang='lat' dir='ltr'>contra</span> <span class='ocrx_word' id='word_1_36' title='bbox 570 1133 644 1182; x_wconf 92' lang='lat' dir='ltr'>eam</span> <span class='ocrx_word' id='word_1_37' title='bbox 666 1133 755 1202; x_wconf 90' lang='lat' dir='ltr'>quae</span> <span class='ocrx_word' id='word_1_38' title='bbox 774 1113 903 1184; x_wconf 91' lang='lat' dir='ltr'>tradita</span> <span class='ocrx_word' id='word_1_39' title='bbox 920 1120 973 1184; x_wconf 91' lang='lat' dir='ltr'>est</span> <span class='ocrx_word' id='word_1_40' title='bbox 997 1115 1165 1187; x_wconf 88' lang='lat' dir='ltr'>sermonis</span> <span class='ocrx_word' id='word_1_41' title='bbox 1189 1117 1479 1190; x_wconf 85' lang='lat' dir='ltr'><strong>continuationem</strong></span> <span class='ocrx_word' id='word_1_42' title='bbox 1533 1177 1535 1182; x_wconf 87' lang='lat'>.</span> 
     </span>
     <span class='ocr_line' id='line_1_6' title="bbox 212 1235 1479 1327; baseline 0.006 -20"><span class='ocrx_word' id='word_1_43' title='bbox 212 1235 420 1327; x_wconf 90' lang='lat' dir='ltr'>proferatur.</span> <span class='ocrx_word' id='word_1_44' title='bbox 459 1237 695 1325; x_wconf 87' lang='lat' dir='ltr'>Reprehendit</span> <span class='ocrx_word' id='word_1_45' title='bbox 713 1244 840 1326; x_wconf 91' lang='lat' dir='ltr'>autem,</span> <span class='ocrx_word' id='word_1_46' title='bbox 865 1238 894 1307; x_wconf 91' lang='lat' dir='ltr'>si</span> <span class='ocrx_word' id='word_1_47' title='bbox 916 1236 1000 1306; x_wconf 93' lang='lat' dir='ltr'>illud</span> <span class='ocrx_word' id='word_1_48' title='bbox 1019 1239 1087 1308; x_wconf 86' lang='lat' dir='ltr'>vix</span> <span class='ocrx_word' id='word_1_49' title='bbox 1108 1239 1144 1307; x_wconf 93' lang='lat' dir='ltr'>in</span> <span class='ocrx_word' id='word_1_50' title='bbox 1162 1261 1194 1310; x_wconf 81' lang='lat' dir='ltr'>u.</span> <span class='ocrx_word' id='word_1_51' title='bbox 1218 1244 1278 1311; x_wconf 83' lang='lat'>66.</span> <span class='ocrx_word' id='word_1_52' title='bbox 1300 1242 1342 1312; x_wconf 90' lang='lat' dir='ltr'>de</span> <span class='ocrx_word' id='word_1_53' title='bbox 1361 1242 1479 1314; x_wconf 90' lang='lat' dir='ltr'>labore</span> 
     </span>
     <span class='ocr_line' id='line_1_7' title="bbox 213 1361 1477 1453; baseline 0.004 -21"><span class='ocrx_word' id='word_1_54' title='bbox 213 1363 256 1432; x_wconf 89' lang='lat' dir='ltr'>ad</span> <span class='ocrx_word' id='word_1_55' title='bbox 284 1361 412 1432; x_wconf 84' lang='lat' dir='ltr'>fontem</span> <span class='ocrx_word' id='word_1_56' title='bbox 441 1362 708 1451; x_wconf 80' lang='lat' dir='ltr'>expugnandum</span> <span class='ocrx_word' id='word_1_57' title='bbox 736 1361 893 1432; x_wconf 92' lang='lat' dir='ltr'>adhibito</span> <span class='ocrx_word' id='word_1_58' title='bbox 922 1361 1113 1449; x_wconf 83' lang='lat' dir='ltr'>accipiatur</span> <span class='ocrx_word' id='word_1_59' title='bbox 1145 1383 1276 1453; x_wconf 91' lang='lat' dir='ltr'>curque</span> <span class='ocrx_word' id='word_1_60' title='bbox 1305 1364 1477 1437; x_wconf 88' lang='lat' dir='ltr'>Hercules</span> 
     </span>
     <span class='ocr_line' id='line_1_8' title="bbox 213 1482 1478 1574; baseline 0.003 -19"><span class='ocrx_word' id='word_1_61' title='bbox 213 1495 283 1555; x_wconf 91' lang='lat' dir='ltr'>tam</span> <span class='ocrx_word' id='word_1_62' title='bbox 303 1505 459 1556; x_wconf 89' lang='lat' dir='ltr'>severum</span> <span class='ocrx_word' id='word_1_63' title='bbox 483 1484 606 1573; x_wconf 88' lang='lat' dir='ltr'>puellis</span> <span class='ocrx_word' id='word_1_64' title='bbox 630 1485 813 1572; x_wconf 89' lang='lat' dir='ltr'>imperium</span> <span class='ocrx_word' id='word_1_65' title='bbox 837 1482 985 1555; x_wconf 90' lang='lat' dir='ltr'>ediderit</span> <span class='ocrx_word' id='word_1_66' title='bbox 1008 1485 1171 1574; x_wconf 89' lang='lat' dir='ltr'>explicari</span> <span class='ocrx_word' id='word_1_67' title='bbox 1191 1507 1268 1557; x_wconf 89' lang='lat' dir='ltr'>cum</span> <span class='ocrx_word' id='word_1_68' title='bbox 1287 1487 1478 1559; x_wconf 90' lang='lat' dir='ltr'>Hertzber-</span> 
     </span>
     <span class='ocr_line' id='line_1_9' title="bbox 213 1607 1478 1700; baseline 0.002 -20"><span class='ocrx_word' id='word_1_69' title='bbox 213 1611 268 1700; x_wconf 85' lang='lat' dir='ltr'>gio</span> <span class='ocrx_word' id='word_1_70' title='bbox 297 1609 526 1697; x_wconf 88' lang='lat' dir='ltr'>arbitremur,</span> <span class='ocrx_word' id='word_1_71' title='bbox 556 1607 704 1700; x_wconf 91' lang='lat' dir='ltr'>primum</span> <span class='ocrx_word' id='word_1_72' title='bbox 728 1607 817 1698; x_wconf 93' lang='lat' dir='ltr'>qnod</span> <span class='ocrx_word' id='word_1_73' title='bbox 841 1607 1042 1679; x_wconf 82' lang='lat' dir='ltr'>hexameter</span> <span class='ocrx_word' id='word_1_74' title='bbox 1061 1611 1214 1698; x_wconf 90' lang='lat' dir='ltr'>quamvis</span> <span class='ocrx_word' id='word_1_75' title='bbox 1234 1617 1378 1698; x_wconf 88' lang='lat' dir='ltr'>propter</span> <span class='ocrx_word' id='word_1_76' title='bbox 1396 1632 1478 1682; x_wconf 90' lang='lat' dir='ltr'>ana-</span> 
     </span>
     <span class='ocr_line' id='line_1_10' title="bbox 213 1731 1479 1824; baseline 0.001 -19"><span class='ocrx_word' id='word_1_77' title='bbox 213 1735 344 1824; x_wconf 88' lang='lat' dir='ltr'>phorae</span> <span class='ocrx_word' id='word_1_78' title='bbox 366 1731 512 1822; x_wconf 84' lang='lat' dir='ltr'>figuram</span> <span class='ocrx_word' id='word_1_79' title='bbox 536 1731 682 1803; x_wconf 91' lang='lat' dir='ltr'><strong>similem</strong></span> <span class='ocrx_word' id='word_1_80' title='bbox 706 1732 912 1802; x_wconf 88' lang='lat' dir='ltr'>sententiam</span> <span class='ocrx_word' id='word_1_81' title='bbox 931 1732 1110 1803; x_wconf 93' lang='lat' dir='ltr'>continere</span> <span class='ocrx_word' id='word_1_82' title='bbox 1129 1733 1291 1805; x_wconf 89' lang='lat' dir='ltr'>videatur</span> <span class='ocrx_word' id='word_1_83' title='bbox 1309 1745 1424 1805; x_wconf 89' lang='lat' dir='ltr'>tamen</span> <span class='ocrx_word' id='word_1_84' title='bbox 1443 1736 1479 1806; x_wconf 93' lang='lat' dir='ltr'>in</span> 
     </span>
     <span class='ocr_line' id='line_1_11' title="bbox 213 1833 1477 1946; baseline 0.001 -17"><span class='ocrx_word' id='word_1_85' title='bbox 213 1860 315 1930; x_wconf 89' lang='lat' dir='ltr'>aliam</span> <span class='ocrx_word' id='word_1_86' title='bbox 343 1877 383 1929; x_wconf 90' lang='lat' dir='ltr'>ac</span> <span class='ocrx_word' id='word_1_87' title='bbox 410 1862 626 1946; x_wconf 86' lang='lat' dir='ltr'>pentameter</span> <span class='ocrx_word' id='word_1_88' title='bbox 648 1863 783 1945; x_wconf 92' lang='lat' dir='ltr'>partem</span> <span class='ocrx_word' id='word_1_89' title='bbox 809 1855 944 1942; x_wconf 90' lang='lat' dir='ltr'>tendat,</span> <span class='ocrx_word' id='word_1_90' title='bbox 968 1833 1093 1931; x_wconf 90' lang='lat' dir='ltr'>deinde</span> <span class='ocrx_word' id='word_1_91' title='bbox 1113 1858 1202 1946; x_wconf 92' lang='lat' dir='ltr'>quod</span> <span class='ocrx_word' id='word_1_92' title='bbox 1219 1857 1390 1929; x_wconf 89' lang='lat' dir='ltr'>Hercules</span> <span class='ocrx_word' id='word_1_93' title='bbox 1410 1881 1477 1930; x_wconf 94' lang='lat' dir='ltr'>non</span> 
     </span>
     <span class='ocr_line' id='line_1_12' title="bbox 212 1979 1479 2073; baseline 0.002 -21"><span class='ocrx_word' id='word_1_94' title='bbox 212 1988 354 2073; x_wconf 90' lang='lat' dir='ltr'>terram,</span> <span class='ocrx_word' id='word_1_95' title='bbox 375 1980 435 2052; x_wconf 91' lang='lat' dir='ltr'>sed</span> <span class='ocrx_word' id='word_1_96' title='bbox 453 1979 584 2052; x_wconf 89' lang='lat' dir='ltr'>fontem</span> <span class='ocrx_word' id='word_1_97' title='bbox 601 1980 804 2052; x_wconf 89' lang='lat' dir='ltr'>mulieribus</span> <span class='ocrx_word' id='word_1_98' title='bbox 823 1979 1000 2070; x_wconf 89' lang='lat' dir='ltr'>eripuerit.</span> <span class='ocrx_word' id='word_1_99' title='bbox 1036 1982 1082 2052; x_wconf 87' lang='lat' dir='ltr'>At</span> <span class='ocrx_word' id='word_1_100' title='bbox 1102 1982 1178 2071; x_wconf 90' lang='lat' dir='ltr'>quis</span> <span class='ocrx_word' id='word_1_101' title='bbox 1197 2002 1264 2051; x_wconf 92' lang='lat' dir='ltr'>non</span> <span class='ocrx_word' id='word_1_102' title='bbox 1283 1981 1389 2072; x_wconf 89' lang='lat' dir='ltr'>videt,</span> <span class='ocrx_word' id='word_1_103' title='bbox 1411 2005 1479 2073; x_wconf 88' lang='lat' dir='ltr'>qua</span> 
     </span>
    </p>
   </div>
   <div class='ocr_carea' id='block_1_3' title="bbox 212 2105 1478 2321">
    <p class='ocr_par' dir='ltr' id='par_1_3' title="bbox 212 2105 1478 2321">
     <span class='ocr_line' id='line_1_13' title="bbox 213 2105 1478 2196; baseline -0.002 -18"><span class='ocrx_word' id='word_1_104' title='bbox 213 2109 269 2179; x_wconf 91' lang='lat' dir='ltr'>cni</span> <span class='ocrx_word' id='word_1_105' title='bbox 291 2109 326 2178; x_wconf 93' lang='lat' dir='ltr'>in</span> <span class='ocrx_word' id='word_1_106' title='bbox 345 2111 440 2178; x_wconf 90' lang='lat' dir='ltr'>terra</span> <span class='ocrx_word' id='word_1_107' title='bbox 458 2125 547 2196; x_wconf 86' lang='lat' dir='ltr'>aqua</span> <span class='ocrx_word' id='word_1_108' title='bbox 564 2105 807 2196; x_wconf 89' lang='lat' dir='ltr'>interdicatur,</span> <span class='ocrx_word' id='word_1_109' title='bbox 833 2126 909 2176; x_wconf 92' lang='lat' dir='ltr'>eam</span> <span class='ocrx_word' id='word_1_110' title='bbox 928 2111 1059 2176; x_wconf 87' lang='lat' dir='ltr'>terram</span> <span class='ocrx_word' id='word_1_111' title='bbox 1082 2126 1150 2175; x_wconf 93' lang='lat' dir='ltr'>non</span> <span class='ocrx_word' id='word_1_112' title='bbox 1168 2105 1313 2196; x_wconf 80' lang='lat' dir='ltr'>patere?</span> <span class='ocrx_word' id='word_1_113' title='bbox 1341 2107 1478 2196; x_wconf 90' lang='lat' dir='ltr'>quaesi</span> 
     </span>
     <span class='ocr_line' id='line_1_14' title="bbox 212 2228 1476 2321; baseline -0.002 -18"><span class='ocrx_word' id='word_1_114' title='bbox 212 2231 398 2321; x_wconf 89' lang='lat' dir='ltr'>patuisset,</span> <span class='ocrx_word' id='word_1_115' title='bbox 422 2230 509 2299; x_wconf 89' lang='lat' dir='ltr'>haec</span> <span class='ocrx_word' id='word_1_116' title='bbox 533 2229 608 2317; x_wconf 88' lang='lat' dir='ltr'>ipsa</span> <span class='ocrx_word' id='word_1_117' title='bbox 631 2247 740 2315; x_wconf 89' lang='lat' dir='ltr'>aquae</span> <span class='ocrx_word' id='word_1_118' title='bbox 758 2229 924 2320; x_wconf 81' lang='lat' dir='ltr'>&#39;ignisque</span> <span class='ocrx_word' id='word_1_119' title='bbox 951 2229 1148 2299; x_wconf 86' lang='lat' dir='ltr'>interdictio</span> <span class='ocrx_word' id='word_1_120' title='bbox 1176 2229 1221 2300; x_wconf 91' lang='lat' dir='ltr'>ad</span> <span class='ocrx_word' id='word_1_121' title='bbox 1248 2228 1388 2300; x_wconf 91' lang='lat' dir='ltr'>exilium</span> <span class='ocrx_word' id='word_1_122' title='bbox 1417 2230 1476 2300; x_wconf 91' lang='lat' dir='ltr'>de-</span> 
     </span>
    </p>
   </div>
   <div class='ocr_carea' id='block_1_4' title="bbox 101 2351 1478 2443">
    <p class='ocr_par' dir='ltr' id='par_1_4' title="bbox 101 2351 1478 2443">
     <span class='ocr_line' id='line_1_15' title="bbox 101 2351 1478 2443; baseline -0.003 -15"><span class='ocrx_word' id='word_1_123' title='bbox 101 2369 107 2376; x_wconf 90' lang='grc'><em>“</em></span> <span class='ocrx_word' id='word_1_124' title='bbox 214 2355 414 2428; x_wconf 91' lang='lat' dir='ltr'>clarandum</span> <span class='ocrx_word' id='word_1_125' title='bbox 432 2374 499 2423; x_wconf 95' lang='lat' dir='ltr'>non</span> <span class='ocrx_word' id='word_1_126' title='bbox 519 2359 611 2423; x_wconf 89' lang='lat' dir='ltr'>esset</span> <span class='ocrx_word' id='word_1_127' title='bbox 629 2351 794 2424; x_wconf 91' lang='lat' dir='ltr'>adhibita.</span> <span class='ocrx_word' id='word_1_128' title='bbox 816 2352 991 2443; x_wconf 79' lang='lat' dir='ltr'>Quemque</span> <span class='ocrx_word' id='word_1_129' title='bbox 1012 2353 1164 2426; x_wconf 86' lang='lat' dir='ltr'>offendat</span> <span class='ocrx_word' id='word_1_130' title='bbox 1181 2355 1389 2443; x_wconf 88' lang='lat' dir='ltr'>pentametri</span> <span class='ocrx_word' id='word_1_131' title='bbox 1403 2375 1478 2426; x_wconf 88' lang='lat' dir='ltr'>sen-</span> 
     </span>
    </p>
   </div>
   <div class='ocr_carea' id='block_1_5' title="bbox 212 2468 1479 2941">
    <p class='ocr_par' dir='ltr' id='par_1_5' title="bbox 212 2468 1479 2941">
     <span class='ocr_line' id='line_1_16' title="bbox 213 2468 1477 2569; baseline -0.003 -17"><span class='ocrx_word' id='word_1_132' title='bbox 213 2480 322 2552; x_wconf 89' lang='lat' dir='ltr'>tentia</span> <span class='ocrx_word' id='word_1_133' title='bbox 344 2477 546 2549; x_wconf 85' lang='lat' dir='ltr'>hexametro</span> <span class='ocrx_word' id='word_1_134' title='bbox 571 2468 759 2559; x_wconf 77' lang='grc' dir='ltr'>ἀσυνδέτως</span> <span class='ocrx_word' id='word_1_135' title='bbox 783 2477 962 2567; x_wconf 86' lang='lat' dir='ltr'>opposita?</span> <span class='ocrx_word' id='word_1_136' title='bbox 999 2477 1093 2550; x_wconf 87' lang='lat' dir='ltr'>Haec</span> <span class='ocrx_word' id='word_1_137' title='bbox 1119 2479 1209 2549; x_wconf 90' lang='lat' dir='ltr'>enim</span> <span class='ocrx_word' id='word_1_138' title='bbox 1229 2485 1282 2549; x_wconf 89' lang='lat' dir='ltr'>est</span> <span class='ocrx_word' id='word_1_139' title='bbox 1302 2479 1408 2569; x_wconf 90' lang='lat' dir='ltr'>ratio,</span> <span class='ocrx_word' id='word_1_140' title='bbox 1434 2477 1477 2548; x_wconf 91' lang='lat' dir='ltr'>si·</span> 
     </span>
     <span class='ocr_line' id='line_1_17' title="bbox 214 2599 1477 2693; baseline -0.002 -19"><span class='ocrx_word' id='word_1_141' title='bbox 214 2603 352 2693; x_wconf 91' lang='lat' dir='ltr'>quidem</span> <span class='ocrx_word' id='word_1_142' title='bbox 374 2599 545 2672; x_wconf 88' lang='lat' dir='ltr'>Hercules</span> <span class='ocrx_word' id='word_1_143' title='bbox 572 2601 690 2672; x_wconf 89' lang='lat' dir='ltr'>venire</span> <span class='ocrx_word' id='word_1_144' title='bbox 719 2621 756 2671; x_wconf 89' lang='grc'>11</span> <span class='ocrx_word' id='word_1_145' title='bbox 783 2599 873 2671; x_wconf 92' lang='lat' dir='ltr'>hanc</span> <span class='ocrx_word' id='word_1_146' title='bbox 897 2601 932 2670; x_wconf 94' lang='lat' dir='ltr'>in</span> <span class='ocrx_word' id='word_1_147' title='bbox 955 2606 1101 2692; x_wconf 90' lang='lat' dir='ltr'>terram,</span> <span class='ocrx_word' id='word_1_148' title='bbox 1130 2609 1167 2674; x_wconf 91' lang='lat' dir='ltr'>at</span> <span class='ocrx_word' id='word_1_149' title='bbox 1188 2622 1265 2673; x_wconf 91' lang='lat' dir='ltr'>eam</span> <span class='ocrx_word' id='word_1_150' title='bbox 1288 2601 1354 2673; x_wconf 91' lang='lat' dir='ltr'><strong>sibi</strong></span> <span class='ocrx_word' id='word_1_151' title='bbox 1378 2601 1477 2691; x_wconf 90' lang='lat' dir='ltr'>quasi</span> 
     </span>
     <span class='ocr_line' id='line_1_18' title="bbox 212 2723 1479 2828; baseline -0.001 -31"><span class='ocrx_word' id='word_1_152' title='bbox 212 2727 401 2818; x_wconf 90' lang='lat' dir='ltr'><strong>hospitium</strong></span> <span class='ocrx_word' id='word_1_153' title='bbox 429 2745 592 2796; x_wconf 90' lang='lat' dir='ltr'>recusare</span> <span class='ocrx_word' id='word_1_154' title='bbox 622 2723 784 2795; x_wconf 88' lang='lat' dir='ltr'>declarat.</span> <span class='ocrx_word' id='word_1_155' title='bbox 819 2725 999 2815; x_wconf 85' lang='lat' dir='ltr'>Exemplis</span> <span class='ocrx_word' id='word_1_156' title='bbox 1022 2726 1080 2796; x_wconf 90' lang='lat' dir='ltr'>vix</span> <span class='ocrx_word' id='word_1_157' title='bbox 1104 2747 1189 2817; x_wconf 92' lang='lat' dir='ltr'>opus</span> <span class='ocrx_word' id='word_1_158' title='bbox 1213 2727 1324 2828; x_wconf 88' lang='lat' dir='ltr'>estin</span> <span class='ocrx_word' id='word_1_159' title='bbox 1346 2747 1385 2796; x_wconf 90' lang='lat' dir='ltr'>re</span> <span class='ocrx_word' id='word_1_160' title='bbox 1407 2731 1479 2797; x_wconf 91' lang='lat' dir='ltr'>tam</span> 
     </span>
     <span class='ocr_line' id='line_1_19' title="bbox 213 2849 1474 2941; baseline -0.002 -19"><span class='ocrx_word' id='word_1_161' title='bbox 213 2850 384 2940; x_wconf 89' lang='lat' dir='ltr'>frequenti</span> <span class='ocrx_word' id='word_1_162' title='bbox 403 2856 439 2921; x_wconf 92' lang='lat' dir='ltr'>et</span> <span class='ocrx_word' id='word_1_163' title='bbox 456 2849 651 2941; x_wconf 89' lang='lat' dir='ltr'>perspicua;</span> <span class='ocrx_word' id='word_1_164' title='bbox 672 2849 702 2919; x_wconf 91' lang='lat' dir='ltr'>si</span> <span class='ocrx_word' id='word_1_165' title='bbox 721 2850 798 2938; x_wconf 89' lang='lat' dir='ltr'>quis</span> <span class='ocrx_word' id='word_1_166' title='bbox 817 2854 932 2920; x_wconf 91' lang='lat' dir='ltr'>tamen</span> <span class='ocrx_word' id='word_1_167' title='bbox 946 2851 1113 2940; x_wconf 90' lang='lat' dir='ltr'>requirat,</span> <span class='ocrx_word' id='word_1_168' title='bbox 1129 2849 1283 2922; x_wconf 90' lang='lat' dir='ltr'>conferat</span> <span class='ocrx_word' id='word_1_169' title='bbox 1297 2849 1360 2940; x_wconf 89' lang='lat' dir='ltr'>IV,</span> <span class='ocrx_word' id='word_1_170' title='bbox 1374 2853 1434 2921; x_wconf 84' lang='lat'>65.</span> <span class='ocrx_word' id='word_1_171' title='bbox 1448 2871 1474 2921; x_wconf 93' lang='lat' dir='ltr'>s.</span> 
     </span>
    </p>
   </div>
   <div class='ocr_carea' id='block_1_6' title="bbox 451 3076 1294 3289">
    <p class='ocr_par' dir='ltr' id='par_1_6' title="bbox 451 3076 1294 3289">
     <span class='ocr_line' id='line_1_20' title="bbox 451 3076 1223 3167; baseline -0.001 -21"><span class='ocrx_word' id='word_1_172' title='bbox 451 3076 584 3146; x_wconf 88' lang='lat' dir='ltr'>Ennius</span> <span class='ocrx_word' id='word_1_173' title='bbox 602 3077 738 3147; x_wconf 88' lang='lat' dir='ltr'>hirsuta</span> <span class='ocrx_word' id='word_1_174' title='bbox 756 3079 870 3167; x_wconf 81' lang='lat' dir='ltr'>cingat</span> <span class='ocrx_word' id='word_1_175' title='bbox 888 3098 951 3147; x_wconf 92' lang='lat' dir='ltr'>sua</span> <span class='ocrx_word' id='word_1_176' title='bbox 970 3077 1063 3148; x_wconf 91' lang='lat' dir='ltr'>dicta</span> <span class='ocrx_word' id='word_1_177' title='bbox 1081 3090 1223 3148; x_wconf 85' lang='lat' dir='ltr'>corona:</span> 
     </span>
     <span class='ocr_line' id='line_1_21' title="bbox 502 3199 1294 3289; baseline 0 -19"><span class='ocrx_word' id='word_1_178' title='bbox 502 3199 555 3270; x_wconf 89' lang='lat' dir='ltr'>Mi</span> <span class='ocrx_word' id='word_1_179' title='bbox 573 3199 656 3272; x_wconf 88' lang='lat' dir='ltr'>folia</span> <span class='ocrx_word' id='word_1_180' title='bbox 675 3221 717 3270; x_wconf 92' lang='lat' dir='ltr'>ex</span> <span class='ocrx_word' id='word_1_181' title='bbox 737 3199 865 3270; x_wconf 90' lang='lat' dir='ltr'>hedera</span> <span class='ocrx_word' id='word_1_182' title='bbox 883 3200 1034 3288; x_wconf 87' lang='lat' dir='ltr'>porrige,</span> <span class='ocrx_word' id='word_1_183' title='bbox 1054 3199 1204 3289; x_wconf 88' lang='lat' dir='ltr'>Bacche,</span> <span class='ocrx_word' id='word_1_184' title='bbox 1224 3208 1294 3270; x_wconf 89' lang='lat' dir='ltr'>tua.</span> 
     </span>
    </p>
   </div>
   <div class='ocr_carea' id='block_1_7' title="bbox 213 3426 1241 3647">
    <p class='ocr_par' dir='ltr' id='par_1_7' title="bbox 213 3426 1241 3647">
     <span class='ocr_line' id='line_1_22' title="bbox 213 3426 1237 3521; baseline -0.005 -19"><span class='ocrx_word' id='word_1_185' title='bbox 213 3431 260 3521; x_wconf 92' lang='lat' dir='ltr'>Il,</span> <span class='ocrx_word' id='word_1_186' title='bbox 283 3433 343 3520; x_wconf 87' lang='lat'>65,</span> <span class='ocrx_word' id='word_1_187' title='bbox 367 3435 401 3500; x_wconf 81' lang='lat'>5.</span> <span class='ocrx_word' id='word_1_188' title='bbox 449 3426 576 3499; x_wconf 93' lang='lat' dir='ltr'>Omnes</span> <span class='ocrx_word' id='word_1_189' title='bbox 595 3428 761 3499; x_wconf 90' lang='lat' dir='ltr'>humanos</span> <span class='ocrx_word' id='word_1_190' title='bbox 781 3434 881 3497; x_wconf 90' lang='lat' dir='ltr'>sanat</span> <span class='ocrx_word' id='word_1_191' title='bbox 899 3427 1069 3499; x_wconf 89' lang='lat' dir='ltr'>medicina</span> <span class='ocrx_word' id='word_1_192' title='bbox 1087 3427 1237 3498; x_wconf 90' lang='lat' dir='ltr'>dolores.</span> 
     </span>
     <span class='ocr_line' id='line_1_23' title="bbox 503 3551 1241 3647; baseline -0.001 -24"><span class='ocrx_word' id='word_1_193' title='bbox 503 3552 602 3624; x_wconf 86' lang='lat' dir='ltr'>Solus</span> <span class='ocrx_word' id='word_1_194' title='bbox 621 3573 718 3623; x_wconf 89' lang='lat' dir='ltr'>amor</span> <span class='ocrx_word' id='word_1_195' title='bbox 737 3552 848 3623; x_wconf 90' lang='lat' dir='ltr'><strong>morbi</strong></span> <span class='ocrx_word' id='word_1_196' title='bbox 866 3573 934 3622; x_wconf 94' lang='lat' dir='ltr'>non</span> <span class='ocrx_word' id='word_1_197' title='bbox 953 3557 1046 3647; x_wconf 89' lang='lat' dir='ltr'>amat</span> <span class='ocrx_word' id='word_1_198' title='bbox 1064 3551 1241 3623; x_wconf 88' lang='lat' dir='ltr'>artificem.</span> 
     </span>
    </p>
   </div>
   <div class='ocr_carea' id='block_1_8' title="bbox 213 3761 1314 3978">
    <p class='ocr_par' dir='ltr' id='par_1_8' title="bbox 213 3761 1314 3978">
     <span class='ocr_line' id='line_1_24' title="bbox 213 3761 1314 3856; baseline -0.005 -20"><span class='ocrx_word' id='word_1_199' title='bbox 213 3767 242 3856; x_wconf 93' lang='lat' dir='ltr'>I,</span> <span class='ocrx_word' id='word_1_200' title='bbox 265 3770 299 3854; x_wconf 81' lang='lat'>2,</span> <span class='ocrx_word' id='word_1_201' title='bbox 321 3766 382 3836; x_wconf 83' lang='lat'>23.</span> <span class='ocrx_word' id='word_1_202' title='bbox 401 3785 428 3834; x_wconf 88' lang='lat' dir='ltr'>s.</span> <span class='ocrx_word' id='word_1_203' title='bbox 449 3761 525 3833; x_wconf 90' lang='lat' dir='ltr'>Non</span> <span class='ocrx_word' id='word_1_204' title='bbox 544 3763 612 3833; x_wconf 89' lang='lat' dir='ltr'>illis</span> <span class='ocrx_word' id='word_1_205' title='bbox 632 3764 783 3835; x_wconf 89' lang='lat' dir='ltr'>studium</span> <span class='ocrx_word' id='word_1_206' title='bbox 801 3764 902 3852; x_wconf 86' lang='lat' dir='ltr'>vulgo</span> <span class='ocrx_word' id='word_1_207' title='bbox 922 3762 1126 3851; x_wconf 89' lang='lat' dir='ltr'>conquirere</span> <span class='ocrx_word' id='word_1_208' title='bbox 1146 3766 1314 3832; x_wconf 88' lang='lat' dir='ltr'>amantes:</span> 
     </span>
     <span class='ocr_line' id='line_1_25' title="bbox 502 3885 1134 3978; baseline -0.003 -22"><span class='ocrx_word' id='word_1_209' title='bbox 502 3886 577 3956; x_wconf 95' lang='lat' dir='ltr'>Illis</span> <span class='ocrx_word' id='word_1_210' title='bbox 597 3888 710 3978; x_wconf 89' lang='lat' dir='ltr'>ampla</span> <span class='ocrx_word' id='word_1_211' title='bbox 730 3888 814 3958; x_wconf 86' lang='lat' dir='ltr'>satis</span> <span class='ocrx_word' id='word_1_212' title='bbox 832 3886 943 3959; x_wconf 89' lang='lat' dir='ltr'>forma</span> <span class='ocrx_word' id='word_1_213' title='bbox 961 3885 1134 3976; x_wconf 88' lang='lat' dir='ltr'>pudicitia.</span> 
     </span>
    </p>
   </div>
   <div class='ocr_carea' id='block_1_9' title="bbox 213 4095 1475 4682">
    <p class='ocr_par' dir='ltr' id='par_1_9' title="bbox 213 4095 1475 4682">
     <span class='ocr_line' id='line_1_26' title="bbox 213 4095 1475 4189; baseline -0.002 -20"><span class='ocrx_word' id='word_1_214' title='bbox 213 4097 302 4170; x_wconf 88' lang='lat' dir='ltr'>Nam</span> <span class='ocrx_word' id='word_1_215' title='bbox 330 4097 505 4189; x_wconf 89' lang='lat' dir='ltr'>anaphora</span> <span class='ocrx_word' id='word_1_216' title='bbox 533 4117 643 4186; x_wconf 92' lang='lat' dir='ltr'>neque</span> <span class='ocrx_word' id='word_1_217' title='bbox 672 4097 786 4167; x_wconf 88' lang='lat' dir='ltr'>estin</span> <span class='ocrx_word' id='word_1_218' title='bbox 813 4097 1013 4186; x_wconf 92' lang='lat' dir='ltr'>pronomine</span> <span class='ocrx_word' id='word_1_219' title='bbox 1037 4095 1308 4167; x_wconf 89' lang='lat' dir='ltr'>demonstrativo</span> <span class='ocrx_word' id='word_1_220' title='bbox 1328 4095 1379 4166; x_wconf 88' lang='lat' dir='ltr'>bis</span> <span class='ocrx_word' id='word_1_221' title='bbox 1400 4097 1475 4186; x_wconf 93' lang='lat' dir='ltr'>qui·</span> 
     </span>
     <span class='ocr_line' id='line_1_27' title="bbox 213 4218 1475 4311; baseline -0.002 -19"><span class='ocrx_word' id='word_1_222' title='bbox 213 4221 303 4311; x_wconf 91' lang='lat' dir='ltr'>dem,</span> <span class='ocrx_word' id='word_1_223' title='bbox 324 4223 469 4294; x_wconf 89' lang='lat' dir='ltr'>sednon</span> <span class='ocrx_word' id='word_1_224' title='bbox 490 4221 541 4293; x_wconf 91' lang='lat' dir='ltr'>bis</span> <span class='ocrx_word' id='word_1_225' title='bbox 559 4222 595 4291; x_wconf 93' lang='lat' dir='ltr'>in</span> <span class='ocrx_word' id='word_1_226' title='bbox 613 4221 713 4292; x_wconf 92' lang='lat' dir='ltr'>initio</span> <span class='ocrx_word' id='word_1_227' title='bbox 733 4219 858 4310; x_wconf 89' lang='lat' dir='ltr'>posito,</span> <span class='ocrx_word' id='word_1_228' title='bbox 878 4241 941 4291; x_wconf 91' lang='lat' dir='ltr'>nec</span> <span class='ocrx_word' id='word_1_229' title='bbox 961 4221 990 4290; x_wconf 91' lang='lat' dir='ltr'>si</span> <span class='ocrx_word' id='word_1_230' title='bbox 1009 4227 1101 4291; x_wconf 92' lang='lat' dir='ltr'>esset</span> <span class='ocrx_word' id='word_1_231' title='bbox 1120 4220 1162 4291; x_wconf 89' lang='lat' dir='ltr'>ab</span> <span class='ocrx_word' id='word_1_232' title='bbox 1182 4219 1394 4310; x_wconf 89' lang='lat' dir='ltr'>oppositione</span> <span class='ocrx_word' id='word_1_233' title='bbox 1414 4218 1475 4289; x_wconf 90' lang='lat' dir='ltr'>ab·</span> 
     </span>
     <span class='ocr_line' id='line_1_28' title="bbox 213 4342 1474 4436; baseline -0.003 -20"><span class='ocrx_word' id='word_1_234' title='bbox 213 4345 386 4435; x_wconf 91' lang='lat' dir='ltr'>horreret,</span> <span class='ocrx_word' id='word_1_235' title='bbox 412 4352 451 4416; x_wconf 92' lang='lat' dir='ltr'>ut</span> <span class='ocrx_word' id='word_1_236' title='bbox 469 4367 511 4418; x_wconf 90' lang='lat' dir='ltr'>ex</span> <span class='ocrx_word' id='word_1_237' title='bbox 529 4346 605 4436; x_wconf 90' lang='lat' dir='ltr'>ipso</span> <span class='ocrx_word' id='word_1_238' title='bbox 624 4365 665 4415; x_wconf 93' lang='lat' dir='ltr'>eo</span> <span class='ocrx_word' id='word_1_239' title='bbox 685 4343 775 4434; x_wconf 93' lang='lat' dir='ltr'>quod</span> <span class='ocrx_word' id='word_1_240' title='bbox 793 4343 893 4414; x_wconf 92' lang='lat' dir='ltr'>modo</span> <span class='ocrx_word' id='word_1_241' title='bbox 911 4349 1104 4414; x_wconf 89' lang='lat' dir='ltr'>extremum</span> <span class='ocrx_word' id='word_1_242' title='bbox 1122 4343 1300 4414; x_wconf 86' lang='lat' dir='ltr'>attulimus</span> <span class='ocrx_word' id='word_1_243' title='bbox 1318 4342 1474 4432; x_wconf 90' lang='lat' dir='ltr'>exemplo</span> 
     </span>
     <span class='ocr_line' id='line_1_29' title="bbox 214 4465 1474 4557; baseline -0.004 -17"><span class='ocrx_word' id='word_1_244' title='bbox 214 4469 380 4540; x_wconf 89' lang='lat' dir='ltr'>cernitur.</span> <span class='ocrx_word' id='word_1_245' title='bbox 397 4509 443 4521; x_wconf 99' lang='lat'>-</span> <span class='ocrx_word' id='word_1_246' title='bbox 459 4468 590 4556; x_wconf 79' lang='lat' dir='ltr'>Quodsi</span> <span class='ocrx_word' id='word_1_247' title='bbox 608 4469 746 4539; x_wconf 92' lang='lat' dir='ltr'>illorum</span> <span class='ocrx_word' id='word_1_248' title='bbox 767 4488 927 4537; x_wconf 89' lang='lat' dir='ltr'>versuum</span> <span class='ocrx_word' id='word_1_249' title='bbox 949 4487 1026 4537; x_wconf 92' lang='lat' dir='ltr'>eum</span> <span class='ocrx_word' id='word_1_250' title='bbox 1044 4467 1104 4557; x_wconf 93' lang='lat' dir='ltr'>qui</span> <span class='ocrx_word' id='word_1_251' title='bbox 1124 4467 1272 4538; x_wconf 89' lang='lat' dir='ltr'>traditus</span> <span class='ocrx_word' id='word_1_252' title='bbox 1291 4472 1345 4537; x_wconf 91' lang='lat' dir='ltr'>est</span> <span class='ocrx_word' id='word_1_253' title='bbox 1362 4465 1474 4536; x_wconf 92' lang='lat' dir='ltr'>locum</span> 
     </span>
     <span class='ocr_line' id='line_1_30' title="bbox 213 4593 945 4682; baseline -0.005 -18"><span class='ocrx_word' id='word_1_254' title='bbox 213 4605 363 4682; x_wconf 87' lang='lat' dir='ltr'>tuemur,</span> <span class='ocrx_word' id='word_1_255' title='bbox 383 4613 450 4662; x_wconf 95' lang='lat' dir='ltr'>non</span> <span class='ocrx_word' id='word_1_256' title='bbox 469 4593 552 4663; x_wconf 89' lang='lat' dir='ltr'>item</span> <span class='ocrx_word' id='word_1_257' title='bbox 572 4601 709 4664; x_wconf 90' lang='lat' dir='ltr'>tuemur</span> <span class='ocrx_word' id='word_1_258' title='bbox 726 4611 864 4663; x_wconf 85' lang='lat' dir='ltr'>versum</span> <span class='ocrx_word' id='word_1_259' title='bbox 884 4595 945 4661; x_wconf 82' lang='lat'>42.</span> 
     </span>
    </p>
   </div>
   <div class='ocr_carea' id='block_1_10' title="bbox 438 4801 1243 4892">
    <p class='ocr_par' dir='ltr' id='par_1_10' title="bbox 438 4801 1243 4892">
     <span class='ocr_line' id='line_1_31' title="bbox 438 4801 1243 4892; baseline 0.001 -21"><span class='ocrx_word' id='word_1_260' title='bbox 438 4801 613 4892; x_wconf 89' lang='lat' dir='ltr'>Accipite:</span> <span class='ocrx_word' id='word_1_261' title='bbox 632 4804 717 4874; x_wconf 89' lang='lat' dir='ltr'>haec</span> <span class='ocrx_word' id='word_1_262' title='bbox 736 4801 827 4873; x_wconf 85' lang='lat' dir='ltr'>fesso</span> <span class='ocrx_word' id='word_1_263' title='bbox 847 4801 902 4872; x_wconf 88' lang='lat' dir='ltr'>vix</span> <span class='ocrx_word' id='word_1_264' title='bbox 921 4801 1004 4872; x_wconf 93' lang='lat' dir='ltr'>mihi</span> <span class='ocrx_word' id='word_1_265' title='bbox 1024 4807 1118 4871; x_wconf 86' lang='lat' dir='ltr'>terra</span> <span class='ocrx_word' id='word_1_266' title='bbox 1136 4805 1243 4890; x_wconf 88' lang='lat' dir='ltr'>patet.</span> 
     </span>
    </p>
   </div>
   <div class='ocr_carea' id='block_1_11' title="bbox 0 0 1804 5594">
    <p class='ocr_par' dir='ltr' id='par_1_11' title="bbox 0 0 1804 5594">
     <span class='ocr_line' id='line_1_32' title="bbox 0 0 1804 5594; baseline 0 0"><span class='ocrx_word' id='word_1_267' title='bbox 0 0 1804 5594; x_wconf 95' lang='lat' dir='ltr'> </span> 
     </span>
    </p>
   </div>
  </div>
 </body>
</html>
