3600 5594
856 515 1060 582 -63..

330 741 421 812 cere,
438 741 481 792 an
499 728 538 792 nt
555 720 658 794 faciat
676 722 804 810 aliquid
821 729 1065 811 quaestuosum
1081 741 1155 792 esse
1171 720 1348 791 doceatur.
1366 719 1535 790 Generale
1555 721 1585 790 si

329 845 419 934 quod
440 859 491 915 est
511 854 731 934 praeceptum
749 847 835 916 latet
853 845 938 916 illud
956 847 991 915 in
1010 845 1131 936 primis
1152 844 1267 914 verbis
1287 863 1337 914 vs.
1360 847 1420 912 27.
1441 863 1585 931 sperne

330 967 461 1038 fidem.
481 969 567 1039 Nam
583 970 612 1039 si
627 971 669 1039 ad
685 989 834 1039 amorem
854 969 943 1039 idem
958 968 1165 1056 valetpquod
1181 967 1388 1038 deamicitia
1402 967 1582 1038 aitOicero

330 1091 436 1181 (Lael.
464 1095 520 1181 15,
548 1096 608 1163 65.
638 1093 904 1163 Firmamentum
934 1102 1048 1183 aretem
1078 1091 1277 1162 stabilitatis
1306 1091 1584 1179 constantiaeque

332 1216 406 1286 eius
436 1237 536 1304 quarn
564 1217 598 1284 iu
627 1217 778 1286 amicitia
805 1217 1000 1302 quaerimus
1028 1213 1112 1285 fides
1140 1216 1216 1304 est),
1247 1215 1288 1302 si,
1317 1215 1465 1303 inquam,
1490 1234 1586 1285 amor

332 1339 433 1410 etiam
452 1339 518 1408 tide
548 1341 691 1408 maxime
719 1342 868 1428 constat,
898 1340 1103 1428 vituperatio
1130 1337 1209 1408 fidei
1239 1360 1304 1407 non
1324 1338 1367 1408 ad
1390 1340 1585 1428 proximum

328 1467 462 1532 tantum
481 1471 701 1551 praeceptum
722 1463 782 1533 sed
801 1462 844 1533 ad
864 1465 977 1532 omnia
996 1483 1081 1551 quae
1101 1471 1291 1551 sequuntur
1306 1463 1465 1552 pertinet.
1483 1463 1586 1532 Latet

326 1591 452 1672 tarnen,
473 1586 563 1672 dico,
583 1607 651 1654 non
671 1591 780 1674 patet·
803 1587 890 1656 Nam
910 1596 1030 1674 aperte
1052 1584 1136 1656 fides
1154 1586 1198 1656 ad
1217 1585 1252 1655 id
1271 1585 1507 1655 iusiurandum
1526 1605 1581 1654 re-

264 1693 270 1709 '
331 1707 507 1778 ferendum
531 1709 679 1797 videtur,
709 1730 775 1798 quo
795 1730 831 1779 se
858 1710 974 1797 puella
1003 1711 1149 1779 amatori
1168 1709 1411 1794 obstrinxerat,
1445 1707 1585 1780 01001-

331 1832 405 1902 dius
425 1832 501 1902 Am.
522 1833 585 1920 Ill,
609 1835 642 1920 3,
663 1834 709 1902 in.
729 1833 813 1902 Esse
833 1833 925 1918 (1000,
956 1835 1078 1921 inquit,
1103 1834 1126 1917 i,
1147 1834 1262 1920 crede,
1294 1832 1417 1902 fidem
1449 1833 1586 1901 iurata

329 1954 465 2041 refelle
494 1955 529 2024 id
557 1956 647 2043 quod
674 1975 715 2025 ex
735 1955 900 2044 proximis
931 1954 1046 2024 verbis
1074 1962 1226 2042 apparet.
1256 1954 1494 2024 Proximcrum
1514 1973 1588 2022 ver·

333 2091 431 2140 suum
460 2069 614 2139 ordinem
643 2076 679 2139 et
696 2089 895 2158 processum
925 2068 1100 2156 attigimus
1128 2069 1217 2138 iam:
1245 2077 1438 2139 esttamen
1466 2067 1584 2138 eodem

332 2195 556 2281 redeundum,
585 2193 664 2281 quia
687 2192 958 2262 Luettiohannes
987 2211 1054 2260 uss
1087 2195 1133 2262 37
1156 2231 1202 2244 -
1225 2197 1286 2262 46.
1316 2192 1381 2262 0110
1409 2190 1583 2280 transfert,

334 2319 421 2404 quod
440 2319 483 2387 iis
502 2317 570 2386 iam
597 2336 663 2386 rron
682 2316 925 2404 praecipiatur,
946 2322 984 2384 ut
1003 2325 1081 2386 aute
1101 2321 1136 2384 et
1161 2324 1241 2403 post
1264 2335 1397 2404 rursus,
1419 2313 1586 2404 quomodo

332 2442 473 2530 pecunia
503 2447 752 2528 extorqueatur
773 2460 814 2508 ex
834 2447 987 2510 amatore
1011 2441 1078 2510 iam
1098 2441 1203 2510 certis
1227 2439 1372 2509 vinculis
1391 2439 1584 2523 constricto,

331 2565 391 2635 sed
416 2565 540 2652 quibus
571 2563 742 2633 illecebris
771 2563 894 2632 dubius
922 2563 1023 2632 etiam
1056 2569 1091 2633 et
1118 2563 1272 2632 incertus
1299 2567 1433 2632 amator
1452 2561 1582 2632 irretiri

331 2690 454 2777 possit3
475 2684 566 2777 quod
587 2685 656 2754 dici
671 2687 807 2756 coniicit
826 2705 867 2755 ex
886 2686 944 2755 illo
964 2694 1080 2754 tenes
1099 2686 1191 2773 quod
1211 2693 1265 2755 est
1283 2685 1316 2754 in
1337 2705 1438 2756 versu
1459 2687 1519 2754 37.
1538 2681 1582 2754 Ut

332 2811 440 2900 igitur
460 2811 645 2885 rideamus,
665 2830 744 2877 num
766 2829 852 2897 quae
872 2809 913 2877 de
932 2817 1048 2878 vetere
1065 2816 1218 2878 amatore
1234 2809 1390 2879 dicantur
1403 2809 1480 2878 novi
1494 2827 1583 2878 ama·

331 2936 419 3005 toris
445 2933 778 3018 commemoratione,
808 2951 894 3020 qnae
922 2931 964 3002 de
991 2933 1137 3020 pecnnia
1163 2931 1408 3020 extorquenda,
1432 2930 1587 3019 capiendi

332 3064 370 3129 et
396 3057 579 3128 irretiendi
608 3057 849 3146 praeceptione
878 3055 1186 3145 interrumpentur,
1214 3075 1336 3128 versus
1363 3055 1439 3124 illos
1462 3073 1586 3142 propo-

246 3199 250 3208 '
332 3203 453 3254 namus
470 3204 477 3250 :

489 3355 638 3444 Supplex
655 3354 711 3424 ille
731 3355 847 3426 sedet:
867 3356 978 3446 posita
996 3362 1034 3426 tu
1053 3355 1164 3426 scribe
1184 3354 1348 3425 cathedra

545 3477 740 3564 Quidlibet.
757 3478 818 3547 lra's
838 3486 933 3548 artes
952 3479 981 3548 si
999 3485 1103 3567 pavet
1120 3479 1178 3547 1116
1197 3485 1319 3548 tenes.

489 3601 632 3688 Semper
650 3600 738 3670 habe
756 3621 888 3670 morsus
908 3601 1000 3672 circa
1018 3608 1077 3672 tua
1096 3601 1183 3672 colla
1208 3607 1377 3690 recentes,

415 3730 474 3797 40.
543 3724 678 3795 hitibus
697 3724 839 3794 alternis
858 3745 943 3813 quos
961 3731 1058 3813 putet
1078 3745 1153 3795 esse
1172 3726 1280 3797 datos

491 3847 562 3918 Nec
581 3855 616 3917 te
635 3847 778 3918 Medeae
798 3846 972 3916 delectent
989 3848 1115 3935 probra
1134 3849 1311 3936 sequacis:

544 3969 676 4058 Nempe
694 3968 775 4038 tulit
793 3967 902 4039 fastus
922 3989 1004 4040 ausa
1023 3991 1147 4061 rogare
1166 3972 1272 4060 prior.

491 4091 556 4164 Sed
576 4094 689 4181 potius
707 4090 824 4161 mundi
843 4091 945 4163 Thais
965 4095 1114 4182 pretiosa
1132 4094 1324 4181 Menandri,

548 4216 634 4286 Cum
653 4214 734 4285 ferit
752 4221 884 4286 astutos
905 4219 1031 4288 comica
1052 4219 1196 4288 moecha
1215 4218 1333 4289 Getas.

413 4343 473 4410 45.
494 4339 533 4409 Iu
551 4359 664 4410 mores
683 4347 716 4410 te
735 4346 831 4411 verte
849 4341 934 4411 viri:
954 4343 982 4412 si
1005 4343 1138 4413 cantica
1155 4342 1272 4429 iactat,

547 4464 564 4533 1
583 4484 694 4534 comes
713 4471 747 4535 et
766 4485 867 4536 voces
888 4466 984 4537 ebria
1002 4467 1103 4554 iunge
1122 4471 1210 4534 tuas.

339 4672 432 4745 Nihil
451 4673 602 4744 videmus
621 4695 688 4763 quo
709 4674 966 4746 Luettiohannis
987 4675 1098 4763 opinio
1122 4673 1351 4765 confirmetur,
1371 4674 1585 4746 illudentem

341 4800 454 4888 ipsum
481 4808 609 4887 tenes,
642 4819 683 4868 ex
706 4819 772 4886 quo
801 4819 934 4868 omnem
961 4798 1069 4869 trahit
1091 4801 1431 4889 argumentationem,
1457 4807 1587 4870 tantum
