3600 5594
834 442 1043 511 ,88-

302 672 373 725 non
392 653 484 724 hune
504 653 718 726 Mamurium
736 653 875 742 pristini
893 651 1068 742 ligneiqne
1087 650 1179 738 signi
1198 649 1349 740 auctori,
1379 669 1482 739 quem
1501 650 1578 720 nul-

303 776 376 849 lnm
392 777 613 864 memoravit,
635 777 697 847 sed
716 776 831 866 ligneo
851 776 948 877 signo
969 774 1114 864 opponit
1127 774 1308 846 aheneum.
1330 775 1446 862 Atque
1456 771 1577 844 eodem

303 919 347 969 ex
365 919 495 989 genere
515 906 569 970 est
586 899 649 987 IV,
673 903 706 989 1,
730 903 817 971 135.

410 1090 460 1161 At
477 1098 515 1163 tu
534 1090 625 1180 finge
645 1092 837 1181 elegos-,

306 1285 397 1374 qnod
417 1290 602 1373 antequam
623 1284 708 1355 dicit
726 1283 954 1373 horoscopus,
975 1284 1145 1355 neminem
1164 1283 1269 1353 alium
1284 1282 1377 1354 aliud
1391 1283 1578 1372 agereius·

226 1501 229 1507 Ι
305 1407 362 1497 sit,
384 1407 446 1480 sed
466 1403 611 1497 opponit
628 1405 759 1478 forensi
778 1427 915 1496 operae,
945 1427 1014 1496 qua
1032 1406 1131 1476 modo
1150 1406 1374 1477 interdictum
1394 1427 1472 1476 esse
1491 1406 1579 1476 Pro·

303 1531 418 1619 pertin
438 1531 481 1600 ab
500 1530 661 1618 Apolline
680 1530 845 1621 narravit,
873 1530 1020 1620 elegias,
1046 1549 1228 1620 quoscum
1248 1529 1407 1618 Apolline
1427 1550 1507 1605 eum
1525 1529 1579 1601 iu-

302 1652 364 1725 bet
381 1673 608 1744 componere;
628 1652 752 1725 deinde
771 1652 837 1741 ΙΙΙ,
862 1655 922 1741 18,
945 1655 1010 1723 31:

411 1848 460 1917 At
478 1847 542 1919 tibi
562 1854 666 1918 nauta
686 1847 761 1936 pias
781 1846 957 1918 hominum
978 1847 1037 1934 qui
1056 1846 1190 1916 traiicis
1209 1847 1411 1918 umbras—

305 2039 365 2111 nbi
393 2041 565 2129 oppositio
593 2060 661 2110 non
681 2046 735 2111 est
757 2040 850 2110 inter
868 2039 1046 2110 Charonta
1073 2046 1109 2110 et
1131 2041 1247 2110 neseio
1271 2059 1375 2128 quem
1399 2041 1501 2112 deum
1525 2042 1581 2112 vel

194 2154 197 2164 ’
303 2162 493 2252 hominem,
518 2163 580 2234 sed
598 2163 693 2233 inter
710 2169 862 2234 mortem
882 2162 1041 2232 omnibus
1060 2182 1277 2233 communem
1296 2169 1401 2252 atque
1420 2164 1519 2234 illum
1537 2165 1582 2235 ad

304 2291 399 2358 astra
419 2305 613 2375 esoensum,
635 2287 694 2375 qni
714 2286 757 2356 de
769 2285 921 2357 Caesare
941 2285 1059 2375 (atque
1079 2291 1119 2356 nt
1137 2286 1238 2357 nobis
1256 2285 1398 2357 videtur
1417 2289 1523 2357 etiam
1538 2288 1581 2358 de
1626 2287 1634 2298 '

305 2407 469 2498 Claudio,
499 2411 566 2480 etsi
595 2408 699 2479 aliter
725 2409 840 2498 planet
868 2408 1114 2500 Hertzbergi0)
1143 2409 1382 2498 praedicatur,
1411 2409 1582 2481 Marcello

304 2537 442 2603 mortuo
462 2537 620 2624 optatur3
640 2538 713 2603 tum
733 2531 798 2623 ΙΙΙ,
823 2536 883 2620 11,
906 2535 966 2602 71.
989 2553 1016 2603 s,

413 2727 461 2795 At
479 2729 517 2796 lu
537 2726 610 2796 sive
629 2731 730 2813 petes
749 2729 872 2813 portus
892 2745 953 2795 seu
972 2726 1087 2822 navita
1107 2725 1256 2815 linques,

468 2846 630 2919 Caesaris
649 2847 685 2916 in
704 2853 777 2917 toto
797 2847 844 2917 sis
863 2867 993 2918 memor
1012 2847 1111 2918 Ionio
1123 2886 1173 2898 -

306 3038 365 3110 ubi
388 3040 444 3110 eui
467 3045 607 3111 nautam
625 3039 823 3130 oppositum
846 3045 947 3128 putes
967 3060 1034 3111 non
1053 3039 1154 3111 facile
1173 3043 1345 3131 reperias,
1371 3042 1432 3112 sed
1451 3041 1583 3114 Caesar

305 3163 458 3252 Apollini
477 3164 681 3252 oppouilnr3
701 3171 777 3233 tum
795 3163 843 3251 ΙΙ,
866 3166 899 3253 2,
923 3168 958 3234 2.

411 3356 459 3426 Aa
477 3376 532 3426 me
551 3357 740 3444 composita
759 3376 844 3445 paee
864 3353 988 3426 fefellit
1006 3356 1115 3427 Amor
1127 3395 1177 3405 —-

305 3547 362 3617 cui
381 3547 496 3617 versui
515 3547 601 3617 haec
621 3547 847 3618 antecedunt:

410 3741 518 3812 Liber
537 3761 633 3811 eram
653 3747 688 3811 et
707 3761 816 3811 vacuo
835 3739 1031 3811 meditabar
1050 3741 1168 3810 vivere
1186 3742 1277 3812 leuto
1292 3781 1337 3794 -

304 3939 343 4003 ul
361 3932 419 4004 hie
438 3952 575 4022 quoque
593 3935 667 4022 ipse
687 3935 730 4004 de
750 3954 787 4004 se
806 3934 970 4022 loquatur
987 3933 1210 4046 Propertium
1231 3941 1304 4006 tum
1325 3936 1352 4024 1,
1378 3940 1436 4029 17,
1455 3941 1515 4010 25.
1530 3960 1575 4009 ss.

412 4125 461 4197 At
478 4144 541 4195 vos
559 4144 754 4215 aequoreae
772 4123 927 4196 formosa
945 4125 1078 4198 Doride
1098 4135 1198 4199 natae

466 4246 619 4320 Candida
637 4247 732 4319 felici
751 4248 874 4319 solvite
893 4248 969 4319 vela
988 4250 1106 4322 choro.

410 4369 445 4442 Si
465 4372 601 4461 qnando
621 4377 756 4444 vestras
775 4371 896 4443 labens
916 4375 1024 4444 Amor
1044 4374 1161 4463 attigit
1179 4374 1301 4462 undas,

462 4493 657 4566 Mansuetis
677 4495 770 4566 socio
789 4495 925 4584 parcite
944 4494 1107 4566 litoribus
1119 4536 1169 4546 -

301 4704 389 4775 quas
411 4692 490 4758 ante
513 4708 637 4780 preces
660 4709 737 4762 cnm
755 4690 849 4762 dieat
868 4690 912 4761 de
931 4694 1042 4761 morte
1061 4709 1124 4760 sua
1142 4709 1231 4780 quae
1250 4692 1381 4764 instare
1401 4692 1577 4782 videatur,
