3600 5594
740 507 945 575 „57-

211 716 288 804 ipsa
311 716 504 805 opponendi
534 737 637 788 causa
664 717 870 808 appelletur,
899 717 960 790 sed
987 718 1022 787 iu
1042 724 1201 789 contextu
1231 718 1398 788 sermonis
1426 720 1475 789 ita

210 837 434 929 significetur,
455 847 492 910 ut
510 859 551 910 eu
569 840 636 910 alio
656 861 738 911 casu
760 841 803 928 ia,
828 861 893 930 quo
922 843 957 911 in
980 841 1178 931 opponendo
1204 861 1289 930 opus
1313 849 1399 931 erat,
1427 843 1475 912 iu-

211 961 417 1052 telligeudus
446 965 511 1049 sit;
538 965 631 1034 velut
659 963 759 1034 ovid.
785 965 929 1035 Heroid.
955 965 1033 1052 XV,
1059 970 1120 1036 45.
1147 965 1287 1055 Sappho
1316 965 1359 1035 ad
1383 965 1473 1035 Pha·

210 1107 310 1157 onem

316 1283 365 1354 At
384 1303 450 1369 me,
470 1283 593 1372 iuquit,
614 1303 688 1352 cum
711 1284 844 1372 legeres
862 1285 966 1354 etiam
985 1283 1138 1354 formosa
1155 1284 1310 1372 videbar,
1330 1323 1382 1334 --

211 1407 275 1476 etsi
295 1405 503 1476 antecedunt
521 1407 628 1476 haec:
658 1405 704 1490 Si,
726 1408 792 1476 uisi
813 1427 901 1494 quae
919 1406 1006 1477 facie
1026 1407 1155 1495 poterit
1173 1415 1208 1478 te
1227 1408 1329 1495 digua
1348 1406 1471 1495 videri,
1588 1407 1589 1410 ’

422 1530 526 1601 Nulla
539 1528 655 1600 futura
669 1540 729 1600 tua
747 1540 812 1618 est,
833 1531 925 1602 uulla
942 1530 1058 1602 futura
1073 1540 1131 1602 tua
1146 1540 1202 1602 est
1213 1571 1259 1582 -

213 1731 252 1792 ut
278 1723 389 1811 ipsam
418 1744 454 1793 se
478 1723 555 1793 aliis
579 1724 702 1813 puellis
729 1723 817 1795 facie
846 1725 1118 1814 praestantibus,
1142 1747 1211 1794 uon
1234 1745 1296 1794 sua
1320 1724 1474 1795 carmina

153 1842 160 1856 '
212 1847 333 1916 alienis
352 1867 525 1935 opponere
544 1857 720 1938 appareat.
741 1849 854 1938 Atque
874 1849 993 1919 eadem
1013 1849 1062 1918 vis
1085 1847 1138 1918 vel
1158 1846 1340 1918 infirmitas
1358 1849 1473 1936 potius

101 1953 102 1956 ¹
211 1970 353 2040 alterius
375 1971 520 2040 rationis
544 1978 606 2041 est.
637 1971 837 2042 solitudinis
862 1973 1058 2042 Arethusae
1082 1993 1149 2042 uon
1172 1971 1245 2042 vult
1268 1973 1474 2063 interrumpi

209 2093 485 2183 descriptionem.
512 2092 618 2181 Quasi
642 2116 725 2165 vero
749 2096 880 2186 elegiae
905 2096 951 2165 sit
974 2117 1030 2166 res
1056 2096 1174 2166 ordine
1199 2115 1380 2184 exponere,
1406 2117 1475 2166 uon

210 2217 381 2308 cogitandi
402 2225 435 2287 et
455 2217 626 2288 sentiendi
644 2219 794 2288 ordinem
817 2219 926 2310 sequi,
946 2229 1006 2290 aut
1021 2220 1090 2289 ulla
1109 2221 1152 2289 ah
1169 2241 1209 2289 ea
1225 2220 1473 2290 sententiarum
1566 2275 1569 2284 .

212 2343 319 2412 series
338 2341 450 2411 alieno
470 2341 527 2432 sit,
549 2343 646 2411 cuius
666 2363 754 2431 quae
771 2344 816 2412 sit
830 2344 1026 2413 coniunctio
1043 2350 1077 2413 et
1092 2341 1278 2432 complexio
1294 2352 1472 2431 appareat,

212 2467 239 2535 si
259 2465 357 2535 modo
382 2485 485 2533 unum
511 2463 593 2534 illud
618 2487 682 2535 nou
707 2465 808 2549 desit,
839 2488 906 2555 quo
936 2468 1154 2537 contineatur
1178 2487 1315 2536 carmen
1337 2486 1474 2555 quoque

209 2575 321 2660 omnia
340 2591 410 2660 sive
433 2591 505 2678 ipsa
535 2591 607 2659 sive
631 2611 692 2680 per
715 2591 782 2660 alia
810 2590 1022 2661 referantur!
1052 2590 1149 2678 Quod
1178 2612 1255 2660 cum
1284 2597 1474 2660 statuamus

209 2735 268 2784 uos
295 2735 361 2784 non
391 2723 587 2784 nostrorum
622 2714 907 2804 philosophorum
940 2713 1128 2785 doctrinam
1165 2714 1226 2783 sed
1254 2714 1472 2803 antiquorum
1497 2727 1504 2742 ⁰

209 2845 389 2926 poetarum
410 2835 564 2926 exempla
594 2841 708 2927 sequi,
732 2840 901 2909 nemiuem
924 2838 1036 2928 fugiat
1059 2839 1117 2926 qui
1141 2839 1176 2908 iu
1199 2837 1266 2908 illis
1289 2859 1356 2907 nou
1374 2840 1474 2927 plane

211 2961 308 3031 rudis
326 2963 381 3031 sit.
404 2963 500 3050 Ergo
521 2981 585 3031 nou
610 2961 695 3032 illud
718 2971 854 3050 oportet
878 2962 1062 3050 offendere,
1088 2962 1178 3051 quod
1202 2961 1399 3032 solitudinis
1418 2962 1475 3032 de-

212 3086 387 3173 scriptioni
405 3085 473 3156 alia
492 3088 559 3155 siut
579 3087 877 3174 interposita-sed
897 3088 962 3157 hoc
982 3086 1101 3176 quaeri
1122 3093 1269 3174 oportet,
1286 3087 1344 3175 qui
1365 3086 1410 3154 sit
1429 3085 1474 3154 ad

210 3209 295 3280 haec
315 3209 381 3280 alia
400 3210 442 3279 ab
462 3209 522 3279 illa
540 3210 718 3280 transitus
744 3207 819 3296 Quo
843 3210 982 3298 quidem
1006 3210 1155 3278 transitu
1181 3207 1295 3278 nullus
1316 3217 1369 3277 est
1387 3206 1472 3278 faci-

207 3333 284 3403 lior.
322 3331 394 3403 Sibi
418 3334 507 3402 euim
531 3354 682 3422 suaeque
706 3332 882 3403 solitudini
902 3333 1080 3404 Arethusa
1098 3353 1174 3401 eam
1197 3331 1347 3420 opponit,
1372 3353 1472 3421 quae,

208 3464 329 3528 contra
352 3464 456 3546 atquc
481 3458 572 3546 ipsa,
596 3458 760 3528 maritum
784 3458 817 3526 in
843 3464 958 3526 castra
983 3459 1147 3528 comitata
1170 3457 1228 3543 sit,
1253 3455 1414 3546 idemque
1437 3464 1475 3526 ut

207 3581 273 3652 sihi
291 3581 397 3650 liceat
416 3588 524 3668 optat,
545 3590 584 3650 ut
602 3582 767 3652 orationis
785 3581 932 3652 eundem
952 3602 1026 3652 esse
1044 3599 1243 3669 processum
1262 3579 1474 3668 intelligatur

209 3704 267 3792 qui
295 3706 406 3774 estin
430 3705 542 3792 prima
565 3706 666 3792 primi
691 3705 770 3776 libri
793 3705 923 3794 elegia,
949 3705 1008 3775 ubi
1031 3703 1237 3791 Propertius
1261 3702 1388 3773 infelici
1412 3724 1473 3773 suo

209 3847 326 3898 amore
349 3827 524 3915 descripto
547 3829 696 3916 primum
726 3829 794 3900 sibi
812 3829 1001 3900 Milaniona
1027 3829 1084 3917 qui
1108 3827 1242 3898 felicius
1266 3827 1394 3896 amavit
1413 3847 1472 3915 op·

208 3953 317 4040 pouit,
338 3951 462 4022 deiude
482 3959 641 4038 sagarum
662 3960 698 4023 et
715 3954 905 4024 amicorum
931 3973 1029 4044 opem
1049 3957 1200 4040 exoptat,
1221 3959 1293 4021 tum
1312 3949 1356 4019 ad
1376 3971 1472 4020 suam

208 4076 438 4146 conditionem
458 4076 661 4146 revertitur.
687 4074 776 4162 Quid
797 4098 880 4148 vero
903 4077 1013 4166 magis
1037 4084 1089 4146 est
1113 4076 1146 4144 iu
1166 4076 1218 4145 rei
1238 4082 1361 4145 natura
1380 4059 1472 4162 posi-

207 4207 294 4288 tum,
321 4219 422 4289 quam
452 4206 491 4269 ut
515 4199 572 4287 qui
602 4219 717 4268 amare
740 4221 776 4269 se
800 4201 1020 4271 vehementer
1044 4200 1173 4271 dixerit
1195 4197 1285 4269 idem
1310 4199 1472 4268 continuo

208 4343 270 4393 cur
298 4332 390 4394 amet
417 4323 578 4394 adiiciat?
605 4323 701 4394 Haec
731 4324 820 4394 enim
848 4331 901 4394 est
929 4325 1101 4394 sententia
1126 4343 1195 4392 vss.
1218 4325 1280 4392 49.
1302 4321 1409 4391 suhi
1437 4341 1474 4390 se

207 4446 382 4516 Arethusa
399 4448 559 4517 maritam
578 4448 741 4517 maritum
761 4447 997 4516 vehementius
1018 4467 1119 4536 quam
1137 4446 1221 4516 alias
1239 4447 1367 4514 alienos
1381 4445 1473 4514 viros

207 4589 323 4640 amare
348 4569 444 4640 dicit.
478 4569 599 4659 Neque
623 4572 795 4641 haesisset
817 4571 874 4641 hic
899 4570 1191 4656 Luettiohauues,
1216 4568 1343 4638 utiam
1369 4588 1471 4656 quar·

208 4700 282 4764 tum
306 4694 381 4764 eius
397 4701 637 4782 argumentum
656 4695 878 4786 attingamus,
899 4695 927 4765 si
948 4693 1031 4764 illud
1047 4693 1268 4783 respexisset,
1285 4693 1374 4781 quod
1393 4690 1474 4764 Oui-

204 4817 284 4887 dius
303 4817 388 4888 Her.
410 4818 507 4906 XllI,
530 4822 590 4889 29.
612 4841 640 4889 s.
660 4818 764 4889 dicit:
