3600 5594
739 466 949 534 ...95-

243 682 278 767 9,
301 679 362 748 53.
384 697 411 746 s.
469 679 516 747 At
537 687 582 765 te,
604 675 661 765 qui
681 694 824 763 puerum
845 674 943 745 donis
963 693 1186 764 corrumpere
1206 693 1243 744 es
1262 694 1380 763 ausus,

523 799 654 871 ¹Rideat
672 798 827 869 adsiduis
847 819 934 868 uxor
952 800 1063 869 inulta
1082 797 1170 868 dolis
1182 837 1232 850 —

343 1015 403 1081 59.
459 1009 533 1080 Nec
553 1010 683 1081 lasciva
702 1029 799 1080 soror
819 1009 957 1080 dicatur
976 1009 1076 1097 plura
1094 1008 1223 1080 bibisse

524 1134 651 1204 Pocula
669 1132 725 1202 vel
743 1133 860 1222 plures
880 1134 1069 1202 emeruisse
1089 1132 1180 1200 viros
1193 1171 1241 1182 -
1253 1136 1335 1202 cett.
1349 1167 1397 1182 —

203 1343 432 1432 111‚4,57.s.
454 1340 673 1412 Carminibus
694 1341 869 1411 celebrata
887 1341 956 1410 tuis
975 1338 1125 1412 formosa
1144 1339 1278 1410 Neaera

522 1464 680 1535 Alterius
699 1465 827 1534 mavolt
845 1484 920 1534 esse
938 1461 1052 1552 puella
1070 1463 1149 1533 viri.
1165 1504 1210 1513 -

259 1698 294 1782 6,
316 1699 377 1765 59.
399 1715 427 1764 s.
467 1693 546 1764 Non
567 1713 645 1782 ego,
666 1693 694 1761 si
713 1690 822 1779 fugiat
841 1697 981 1762 nostrae
1001 1689 1159 1762 convivia
1178 1711 1317 1762 mensae

521 1816 684 1903 Ignotum
703 1816 845 1902 cupiens
864 1837 953 1887 vana
972 1815 1085 1905 puella
1105 1820 1232 1904 torum,

468 1936 647 2008 Sollicitus
666 1944 823 2025 repetam
843 1945 917 2009 tota
937 1937 1087 2026 suspiria
1106 1945 1218 2009 nocte.
1231 1977 1282 1988 -

200 2169 266 2259 IV,
281 2170 341 2256 10,
360 2171 393 2239 3.
411 2189 439 2238 s,
460 2166 495 2237 si
514 2167 579 2237 tibi
599 2187 684 2238 cura
701 2172 803 2256 togae
822 2169 936 2256 potior
955 2187 1183 2257 pressumque
1204 2165 1348 2255 quasillo

522 2292 684 2362 Scortum
703 2313 805 2380 quam
824 2291 921 2362 Servi
940 2289 1011 2361 filia
1031 2291 1199 2380 Sulpicia:
1212 2329 1264 2339 —

201 2509 237 2574 et
258 2501 415 2573 Catullus
435 2503 512 2591 (21.
536 2505 597 2571 24.
621 2504 681 2570 37.
705 2504 765 2571 40.
786 2503 847 2570 77.
868 2503 928 2571 90.
947 2503 1008 2571 83.
1027 2502 1088 2569 82.
1107 2502 1169 2587 81,
1187 2499 1248 2568 79.
1263 2498 1338 2589 77.)
1351 2519 1472 2586 quam·

200 2647 301 2716 quam
330 2625 430 2715 plura
457 2624 501 2694 ad
530 2625 682 2694 aemulos
712 2645 810 2712 quam
837 2624 879 2693 de
896 2625 940 2694 iis
959 2623 1002 2693 ad
1023 2643 1081 2692 eos
1102 2642 1188 2710 quos
1208 2627 1302 2691 amat
1321 2623 1476 2694 carmina

140 2747 143 2753 ⁴
200 2751 330 2838 scripta
357 2748 478 2836 habet,
510 2749 594 2818 satis
624 2755 739 2818 tamen
768 2747 875 2816 habet
894 2747 1028 2816 Aurelii
1057 2746 1209 2833 inopiam
1233 2753 1268 2816 et
1292 2745 1473 2833 pallorem,

199 2871 303 2945 Gellii
322 2878 358 2942 et
372 2871 490 2942 Lesbii
509 2873 661 2941 incestos
680 2891 830 2959 amores,
851 2870 993 2957 Egnatii
1013 2867 1178 2939 candidos
1198 2869 1318 2939 dentes
1337 2869 1476 2957 paucis-

198 2996 292 3066 simis
320 2996 583 3084 perstrinxisse3
614 2993 759 3065 Ovidius
785 3014 868 3064 vero
893 3015 972 3062 curn
990 2994 1025 3062 in
1047 3001 1121 3063 toto
1140 2994 1309 3064 Amorum
1330 3013 1476 3082 corpore

199 3119 382 3208 quinquies
402 3118 505 3187 alieni
524 3117 652 3187 amoris
671 3119 877 3186 mentionem
898 3115 1004 3184 faciat
1023 3116 1065 3204 (Ι,
1088 3119 1122 3184 4.
1143 3115 1206 3202 Ill,
1230 3119 1263 3184 3.
1288 3118 1322 3184 5.
1344 3117 1380 3186 8.
1401 3117 1474 3202 ll),

199 3243 305 3312 semel
325 3243 436 3311 virum
461 3240 501 3331 (l,
524 3241 588 3330 4.)‚
610 3239 717 3310 semel
741 3240 819 3329 (ΙΙΙ,
847 3239 883 3325 8)
907 3237 1114 3326 locupletem
1136 3237 1282 3306 militem
1302 3238 1474 3308 aemulum

199 3367 284 3436 dicit
303 3366 395 3454 (nam
416 3384 517 3452 quem
536 3364 580 3452 ll,
601 3367 660 3434 19.
677 3362 740 3450 111,
758 3367 796 3431 4:
821 3362 936 3430 virum
963 3360 1100 3449 affatur,
1121 3361 1152 3430 ei
1173 3361 1230 3429 vix
1251 3359 1472 3450 aemulatori:

197 3492 279 3562 alibi
300 3514 342 3562 ne
362 3492 468 3562 verbo
488 3491 625 3579 quidem
646 3511 747 3580 quem
767 3490 861 3561 dicat
880 3487 1061 3577 significat.
1095 3486 1254 3575 Longum
1274 3492 1328 3556 est
1347 3486 1473 3557 Heroi-

199 3617 260 3687 das
280 3616 385 3687 etiam
405 3616 440 3684 in
460 3634 600 3698 causam
620 3615 801 3703 adhibere,
831 3633 1040 3700 quamquam
1059 3633 1102 3680 ne
1121 3611 1200 3681 inde
1220 3609 1359 3698 quidem
1379 3611 1473 3697 quis·

198 3759 299 3827 quam
328 3739 455 3809 aemuli
483 3737 538 3807 vel
567 3739 721 3808 aemulae
744 3736 994 3807 accuratiorem
1015 3734 1280 3822 descriptionem
1300 3730 1472 3820 proferet;

197 3863 300 3933 immo
328 3863 382 3932 vel
405 3863 491 3932 haec
512 3857 659 3932 ¹forsitan
679 3861 835 3949 pluribus
855 3880 957 3949 quam
981 3879 1068 3948 opus
1089 3865 1166 3929 erat
1184 3858 1358 3946 disputata
1376 3858 1473 3928 vide-

197 3994 312 4056 antur:
343 3986 404 4056 sed
421 3980 583 4056 'attinere
612 3984 807 4054 arbitrabar
832 3983 1066 4074 exemplorum
1091 3981 1310 4052 multitudiue
1333 3981 1472 4069 planum
1554 4012 1557 4018 ¹

196 4108 329 4198 iacere,
360 4129 462 4197 quam
482 4109 594 4179 aliena
612 4107 706 4177 haud
725 4127 806 4176 raro
827 4109 887 4195 qui
908 4107 1089 4177 emendare
1108 4105 1237 4176 vellent
1254 4111 1411 4176 veterum
1430 4105 1473 4174 li·

195 4232 279 4303 bros
307 4233 350 4303 iis
378 4232 602 4303 intruderent
631 4250 802 4321 quamque
831 4231 954 4301 inutile
984 4236 1075 4300 esset
1100 4228 1298 4318 quidnobis
1317 4228 1474 4316 placeret

195 4356 305 4444 magis
324 4377 425 4446 quam
447 4357 529 4445 quid
549 4377 570 4425 a
589 4355 768 4426 veteribus
788 4353 1009 4424 observatum
1029 4359 1123 4423 esset
1142 4371 1321 4440 quaerere.
1348 4349 1472 4436 Quam·
1495 4349 1498 4356 '

197 4499 300 4567 quam
319 4479 376 4550 hic
396 4478 534 4568 quidem
555 4483 610 4550 oui
629 4479 765 4567 placeat
778 4478 934 4547 aemulae
948 4477 1084 4566 longior
1099 4474 1301 4562 descriptio,
1321 4474 1380 4562 qui
1395 4474 1472 4562 qui-

196 4603 274 4674 dem
295 4623 364 4673 non
383 4603 461 4692 plus
482 4622 502 4672 a
521 4602 731 4673 carminibus
749 4599 895 4690 flagitet,
916 4621 1017 4689 quam
1037 4619 1094 4670 res
1108 4605 1144 4668 et
1159 4597 1288 4668 veritas
1303 4597 1380 4686 ipsa
1395 4616 1473 4667 oon-

197 4726 319 4797 cedat?
352 4725 511 4814 Namque
535 4727 570 4794 in
588 4725 702 4796 forma
720 4731 756 4796 et
775 4724 1011 4813 descriptione
1031 4723 1106 4793 eius
1125 4722 1181 4793 cui
1200 4718 1376 4792 aemulare
1395 4719 1472 4791 diu-
