3600 5594
735 500 944 567 ,ῃ-

206 731 274 784 non
292 709 328 782 id
347 706 463 780 lacere
482 707 572 798 quod
591 708 659 778 iam
679 707 848 799 attigerit,
878 710 938 780 sed
967 707 1056 798 quod
1080 708 1146 778 nisi
1165 713 1344 780 vetaretur
1364 710 1470 782 susci-

92 933 96 946 ·
205 840 313 924 peret.
333 833 446 922 Atque
465 831 585 904 eadem
604 832 695 903 ratio
714 839 777 922 est,
798 853 876 903 cum

204 1027 232 1118 I,
257 1027 317 1116 22,
340 1027 373 1098 9.
395 1047 421 1097 s.
452 1021 614 1096 Proxima
633 1026 809 1114 supposito
829 1025 1030 1116 contingens
1050 1022 1194 1096 Umbria
1213 1022 1332 1115 campo

436 1217 441 1233 ,
512 1149 571 1220 Me
590 1149 710 1240 genuit
729 1149 834 1220 terris
853 1145 976 1220 fertilis
996 1148 1222 1220 uberibus-

206 1344 401 1434 disorepare
420 1343 551 1415 iudicat
569 1361 590 1412 a
608 1361 658 1412 vs.
685 1347 769 1414 125.

205 1539 475 1628 Scandentisque
495 1536 586 1609 Asisi
608 1535 700 1624 (Car.
712 1537 848 1608 scribit:
865 1537 971 1628 arcis)
990 1538 1168 1628 consurgit
1186 1539 1318 1610 vertice
1336 1559 1469 1609 murus.
1576 1627 1579 1640 .

283 1729 366 1820 Quis
391 1731 481 1804 enim
501 1749 567 1802 non
586 1729 684 1802 videt
703 1730 910 1820 supposito
931 1749 1067 1822 campo
1087 1729 1239 1803 dativum
1258 1751 1333 1804 esse
1352 1737 1471 1821 aptum

206 1877 247 1926 ex
265 1853 463 1956 proxima,
483 1859 522 1926 ut
540 1849 720 1944 utrobique
741 1849 854 1925 editus
872 1850 970 1926 locus
990 1848 1227 1946 significetur?
1246 1853 1320 1927 Nec
1344 1855 1470 1926 maiore

205 1979 279 2050 iure
294 1987 397 2068 negat
410 1975 591 2050 Garuttius
606 1977 825 2066 Propertium
840 1979 953 2067 ipsum
967 1999 1004 2050 se
1018 1977 1206 2050 Romanum
1223 1977 1469 2051 Callimachum

138 2171 143 2182 „
205 2102 376 2192 appellare
395 2103 557 2192 potuisse.
605 2101 701 2173 Haec
720 2104 807 2173 enim
829 2105 861 2173 si
878 2122 945 2190 qua
963 2108 1019 2174 est
1035 2101 1267 2192 immodestia,
1288 2113 1383 2174 certe
1404 2124 1470 2174 non

206 2227 315 2298 maior
343 2237 397 2298 est
424 2245 526 2314 quam
553 2235 811 2297 monumentum
839 2243 919 2298 aera
948 2226 1133 2316 perennius
1162 2221 1228 2298 sibi
1252 2226 1470 2316 vindicantis,

205 2367 307 2440 quam
325 2351 382 2421 ille
401 2347 583 2441 Propertio
601 2352 790 2440 permittit,
818 2371 881 2422 nec
900 2349 1029 2422 leviora
1049 2371 1100 2441 ea,
1121 2369 1207 2440 quae
1227 2350 1286 2421 alii
1304 2347 1469 2440 multique
1595 2381 1599 2396 ι

204 2479 329 2563 poetae
349 2473 391 2544 dc
411 2491 474 2542 sna
491 2471 601 2562 gloria
620 2475 831 2562 praedicant.

281 2596 352 2668 Sed
371 2601 491 2669 contra
509 2613 564 2688 ea,
598 2617 685 2688 quae
705 2620 724 2669 a
745 2595 904 2670 Oaruttio
924 2595 1104 2689 dicuutur,
1133 2598 1217 2668 satis
1245 2603 1299 2668 est
1325 2594 1467 2667 dictum:

203 2739 292 2792 nunc
320 2737 406 2811 quae
436 2721 479 2792 ab
507 2719 584 2792 aliis
608 2721 644 2791 in
667 2719 809 2812 singulis
828 2717 988 2794 uersibus
1007 2732 1180 2794 nouantur
1201 2719 1467 2793 consideremus.

203 2843 319 2916 Prima
346 2843 453 2936 igitur
480 2847 515 2916 in
543 2845 653 2935 elegia
681 2841 966 2947 Escheuburgius
994 2845 1175 2937 Propertio
1204 2865 1253 2918 vs.
1283 2847 1328 2918 33
1345 2885 1390 2899 -
1406 2846 1466 2918 36.

207 2966 369 3058 derogat:

309 3160 441 3252 Quippe
458 3163 677 3234 suburbanae
696 3183 805 3252 parva
823 3165 935 3235 minus
955 3164 1042 3235 urbe
1061 3163 1229 3250 Bovillae,

360 3287 407 3360 Et
427 3288 485 3378 qui
504 3308 594 3358 nunc
614 3287 698 3358 nulli
718 3287 867 3358 maxima
885 3287 990 3358 turba
1011 3287 1112 3375 Gabi,

260 3471 267 3484 .
307 3411 354 3484 Et
373 3413 471 3483 stetit
488 3412 576 3483 Alba
594 3419 728 3501 potens,
749 3410 847 3482 albae
866 3410 937 3482 suis
957 3411 1070 3483 omine
1089 3417 1186 3498 nata,

361 3535 515 3606 Hae-ubi
534 3535 682 3608 Fidenas
700 3536 801 3624 longe
819 3540 895 3606 erat
913 3535 982 3606 isse
1001 3535 1084 3606 vias.
1167 3629 1169 3633 Ι

283 3709 340 3781 Sic
359 3709 733 3782 enim—vias-cum
753 3709 909 3781 omnibus
927 3707 1027 3782 libris
1045 3709 1293 3797 manuscriptis
1314 3705 1467 3778 scriben-

204 3833 284 3904 dum
304 3842 466 3924 putamus
489 3842 636 3925 propter
659 3857 736 3905 eum
759 3831 872 3906 locum
893 3855 993 3924 quem
1013 3831 1103 3904 infra
1121 3851 1244 3903 rursus
1263 3850 1467 3902 commemo-

204 3955 357 4028 rabimus
381 3958 409 4045 1,
432 3957 493 4046 20,
518 3957 576 4029 18.
623 3955 809 4047 Egressum
836 3959 936 4048 louge
965 3957 1136 4028 Phasidos
1159 3957 1227 4028 isse
1250 3955 1352 4026 viam.
1400 3953 1467 4025 Sed

203 4079 295 4152 illius
313 4081 461 4171 primum
480 4086 718 4170 argumentum
737 4098 803 4152 non
822 4090 942 4154 contra
961 4097 1039 4153 eum
1055 4102 1156 4172 quem
1171 4101 1233 4151 nos
1247 4077 1303 4151 hic
1316 4099 1358 4150 ex
1374 4071 1466 4150 Nea·

149 4273 162 4300 ,
203 4205 353 4295 politauo
372 4202 550 4277 attulimus
569 4223 708 4276 versum
726 4205 786 4292 33,
807 4204 867 4276 sed
883 4213 1003 4277 contra
1017 4227 1093 4276 eum
1110 4225 1212 4295 quem
1227 4201 1466 4275 Lachmaunus

205 4329 343 4418 scripsit
362 4329 556 4419 profertur:

309 4503 439 4595 Quippe
458 4505 676 4576 suburbanae
695 4524 801 4593 parva
819 4503 971 4574 eminus
990 4503 1075 4574 urbe
1094 4501 1247 4574 Bovillae
1264 4540 1325 4569 -.

282 4679 395 4770 Negat
422 4682 511 4751 enim
538 4681 675 4769 longam
703 4677 869 4770 syllabam
897 4679 930 4748 in
958 4684 1058 4748 acuta
1076 4677 1146 4746 arsi
1166 4696 1186 4746 a
1203 4675 1385 4766 Propertio
1405 4695 1465 4766 po-

204 4806 310 4878 tuisse
330 4803 426 4896 elidi,
452 4804 532 4893 quia
550 4804 718 4876 eiusmodi
738 4803 832 4875 elisio
850 4808 911 4875 aut
929 4819 1070 4892 prorsus
1087 4783 1219 4876 'vitetur
1239 4820 1259 4870 a
1275 4802 1388 4889 poetis
1407 4805 1467 4870 aut
