3600 5594
866 447 996 568 244
1026 538 1077 548 ...

344 710 667 780 commemoratione
687 709 787 779 simul
807 730 892 781 ansa
910 708 1098 799 praebetur
1123 708 1166 779 ad
1187 707 1370 781 Gaesarem
1394 715 1600 799 gentemque

342 832 464 904 Iuliam
484 833 735 904 celebrandam.

421 956 488 1026 Sed
512 977 694 1045 pergamus
723 957 765 1028 ad
794 957 969 1045 proximos
997 977 1118 1026 versus
1147 977 1231 1045 quos
1250 955 1522 1028 Luettiohannes
1540 977 1600 1047 op·

340 1086 482 1169 pugnat.
502 1079 588 1150 Nam
606 1081 641 1150 in
660 1102 694 1170 p.
716 1084 777 1151 43.
799 1103 865 1150 vss.
889 1083 948 1151 65.
969 1087 1005 1151 et
1025 1084 1085 1152 66.

446 1273 655 1345 Scandentes
674 1275 703 1344 si
722 1276 799 1364 quis
819 1283 936 1346 cernet
955 1275 997 1346 de
1015 1273 1161 1345 vallibus
1181 1295 1291 1365 arces,

497 1398 639 1488 Ingenio
658 1418 775 1468 muros
795 1399 953 1470 aestimet
972 1397 1030 1468 ille
1049 1418 1124 1468 meo
1145 1438 1195 1449 -

340 1592 469 1663 idcirco
488 1593 715 1682 interpolatos
733 1599 836 1682 atque
855 1613 896 1662 ex
921 1595 1005 1662 125.
1027 1613 1053 1662 s.

446 1787 717 1875 Scandentisque
735 1786 830 1856 Asisi
850 1787 1027 1876 consurgit
1046 1785 1174 1856 vertice
1193 1806 1324 1874 murus,

497 1911 621 1982 Murus
639 1911 682 1982 ab
702 1911 839 1999 ingenio
860 1911 974 1981 notior
992 1909 1051 1980 ille
1070 1916 1130 1980 tuo
1154 1947 1199 1962 -

341 2124 520 2194 expressos
548 2110 667 2194 putat,
697 2105 777 2193 quia
803 2104 1002 2175 hexametro
1030 2103 1090 2173 alti
1118 2109 1250 2173 montes
1279 2099 1533 2192 significentur,
1562 2104 1597 2172 in

340 2235 567 2317 pentametro
593 2229 681 2317 quod
703 2229 746 2298 ad
765 2227 851 2298 altos
877 2237 1010 2297 montes
1038 2227 1121 2297 nihil
1143 2227 1289 2298 attineat
1316 2232 1440 2317 poetae
1458 2226 1595 2316 ingenie

338 2353 468 2442 augeri,
497 2353 613 2440 parvis
637 2353 876 2423 dementibus
905 2352 1086 2441 cogitetur.
1117 2352 1165 2420 At
1193 2371 1253 2421 cur
1281 2350 1342 2420 alti
1369 2350 1529 2420 montes?
1558 2349 1597 2420 Si

338 2473 427 2547 forte
445 2482 590 2565 propter
614 2476 875 2547 scandentes:
899 2477 964 2546 hoe
989 2475 1095 2545 verbo
1123 2473 1216 2544 nulla
1242 2473 1439 2563 magnitudo
1463 2473 1597 2543 indica·

337 2605 404 2688 tur,
426 2600 486 2670 sed
506 2599 642 2670 scandit
661 2598 828 2690 quidquid
847 2622 916 2669 non
935 2600 1036 2687 iacet,
1066 2619 1186 2669 verum
1211 2606 1366 2668 erectum
1385 2603 1448 2686 est,
1468 2598 1541 2669 sive
1560 2595 1593 2666 id

337 2745 496 2813 magnum
515 2729 568 2794 est
587 2725 657 2794 sive
676 2745 831 2813 parvum.
853 2723 928 2794 Nec
949 2722 1057 2812 magis
1082 2741 1226 2808 usquam
1244 2741 1368 2811 parvos
1388 2727 1522 2791 montes
1541 2719 1593 2790 vel

336 2867 452 2916 muros
472 2845 646 2935 designari
660 2846 828 2917 videmus.
844 2846 938 2936 Ergo
956 2847 1022 2918 hoc
1043 2868 1145 2916 unum
1165 2846 1305 2934 dicitur,
1326 2846 1354 2915 si
1371 2846 1447 2935 quis
1461 2847 1596 2935 patriae

335 2968 509 3061 Propertii
528 2990 646 3040 muros
666 2968 794 3057 videat,
814 2971 843 3040 is
864 2991 923 3040 eos
943 2977 1014 3040 tam
1033 2990 1175 3059 magnos
1190 2969 1243 3040 vel
1257 2969 1390 3040 nobiles
1404 2968 1595 3042 arbitretur

337 3114 437 3184 quarn
457 3093 531 3163 eius
550 3093 724 3182 ingenium
744 3114 903 3181 magnum
932 3094 987 3165 sit.
1018 3093 1183 3183 Magnum
1207 3100 1321 3164 autem
1344 3094 1410 3164 hoc
1434 3113 1509 3164 esse
1530 3093 1596 3164 etsi

335 3218 425 3288 haud
447 3218 549 3288 dubie
567 3225 673 3306 poeta
691 3218 824 3307 statuit,
850 3238 917 3287 non
936 3218 992 3289 hic
1012 3227 1124 3290 tamen
1147 3217 1208 3289 sed
1228 3217 1467 3306 superioribus
1486 3218 1594 3288 versi·

336 3343 399 3413 bns
419 3341 580 3413 declarat.
601 3339 696 3428 Quae
722 3343 835 3412 omnia
858 3342 991 3430 pridem
1012 3343 1097 3413 vidit
1120 3341 1372 3430 Hertzbergius
1397 3339 1594 3431 similesque

335 3466 397 3535 hos
418 3466 510 3535 locos
530 3465 709 3553 ascripsit:

386 3659 540 3730 Martial.
565 3659 594 3747 Ι,
617 3663 677 3746 62,
700 3661 733 3728 3.
755 3657 925 3730 Censetur
939 3661 1061 3748 Apono
1079 3659 1177 3732 Livio
1197 3680 1260 3730 suo
1278 3660 1382 3730 tellus
1395 3701 1443 3712 «-

335 3782 732 3890 Ονίᾷ.Αιη.ΠΙ,,15,13.
753 3782 868 3872 Atque
905 3783 1029 3871 aliquis
1065 3789 1225 3872 spectans
1257 3784 1384 3873 hospes
1417 3783 1589 3856 Sulmonis

1278 3907 1400 3997 aquosi

595 4031 734 4102 Moenia
753 4051 841 4121 quae
859 4030 969 4118 campi
988 4030 1109 4119 iugera
1125 4050 1236 4118 pauca
1249 4037 1380 4116 tenent,

543 4151 637 4238 Quae
655 4160 800 4244 tantum,
821 4154 924 4242 dicet,
945 4153 1107 4243 potuistis
1121 4152 1210 4224 ferre
1230 4161 1379 4243 poetam,

595 4277 905 4366 (quantulacunque
933 4279 1034 4366 estis,
1063 4298 1124 4348 vos
1148 4298 1227 4366 ego,
1250 4297 1375 4366 magna
1397 4275 1483 4350 fero.

332 4489 527 4579 Sequuntur
547 4511 614 4560 uss.
637 4493 681 4560 81
707 4529 756 4540 -
778 4492 839 4559 88.
860 4509 885 4560 s.

539 4683 640 4755 Nune
658 4684 807 4774 pretium
826 4681 939 4754 fecere
960 4681 1051 4754 Deos
1069 4683 1119 4772 (et
1136 4681 1268 4752 fallitur
1286 4703 1371 4753 auro

590 4808 773 4900 Iuppiter),
793 4808 950 4895 obliquae
973 4807 1070 4894 signa
1088 4807 1213 4878 iterata
1232 4813 1342 4898 rotae,
