3600 5594
853 483 1059 552 ..1g...

324 696 529 769 autentum
548 693 702 782 apertius
726 698 798 762 tum
821 693 949 764 tectius
973 714 1015 764 ea
1044 713 1131 784 quae
1154 700 1345 783 sequuntur
1368 695 1518 765 carmina
1536 701 1586 765 at-

322 817 468 906 tingunt.
502 815 652 904 Quorum
684 817 834 888 omnium
853 817 937 888 nihil
958 823 1012 888 est
1030 818 1065 888 in
1085 839 1125 890 ea
1145 817 1186 888 de
1207 838 1275 907 qua
1292 819 1439 890 dicimus
1463 820 1582 910 elegia.

324 941 414 1014 Nam
435 942 524 1032 quod
544 942 737 1033 appellatur
754 941 946 1033 Augustus,
970 943 1005 1013 id
1024 947 1093 1014 tam
1112 943 1179 1014 late
1199 951 1294 1033 patet
1312 950 1450 1034 tamque
1468 945 1585 1016 multis

322 1067 428 1138 estin
447 1067 660 1140 carminibus
678 1068 767 1138 alius
787 1067 855 1139 loci
875 1074 914 1138 ut
929 1069 1013 1139 nihil
1028 1068 1106 1140 inde
1123 1070 1232 1159 possit
1251 1069 1392 1158 coniici3
1414 1070 1505 1158 quod
1525 1090 1583 1140 au-

322 1197 392 1264 tem
429 1213 567 1264 carmen
604 1192 750 1264 forsitan
786 1192 944 1282 proxime
981 1194 1024 1265 ab
1061 1215 1102 1264 eo
1140 1193 1261 1264 abesse
1299 1193 1474 1286 videatur,
1507 1194 1584 1266 dico

322 1315 445 1389 Horat.
475 1318 522 1410 Π,
555 1321 600 1407 1.,
630 1317 666 1388 id
693 1319 723 1389 si
746 1339 865 1389 verum
894 1319 1092 1409 quaerimus
1118 1317 1336 1388 nihilominus
1364 1319 1585 1389 vehementer

322 1439 447 1512 diflert.
472 1441 552 1513 Etsi
574 1441 662 1512 enim
688 1449 871 1532 utrumque
898 1444 933 1512 iu
957 1445 1046 1513 serio
1069 1443 1235 1532 gravique
1263 1450 1463 1530 argumento
1485 1442 1585 1513 dissi·

322 1565 461 1656 milique
480 1567 769 1656 consequentibus
784 1567 994 1638 carminibus
1008 1572 1178 1658 versatur,
1195 1567 1365 1637 Horatius
1380 1575 1494 1638 tamen
1510 1589 1584 1638 cum

324 1697 483 1763 extrema
502 1692 646 1780 stropha
664 1691 706 1763 ab
727 1713 767 1762 ea
785 1693 957 1782 gravitate
972 1693 1046 1782 ipse
1067 1713 1102 1762 se
1121 1698 1262 1764 revocat
1276 1692 1486 1781 reliquorum
1508 1713 1584 1764 car·

323 1817 450 1888 minum
471 1816 642 1888 diversum
669 1839 778 1908 genus
805 1816 985 1908 significat,
1014 1817 1217 1906 Propertius
1240 1819 1343 1907 plura
1369 1827 1404 1888 et
1426 1820 1588 1907 grauiora

323 1941 499 2031 pollicitus
517 1963 693 2031 paucaque
722 1943 795 2014 eius
819 1939 956 2031 generis
984 1942 1018 2010 in
1043 1943 1237 2030 praesentia
1262 1963 1445 2034 aggressus
1464 1943 1586 2012 horum

324 2066 478 2155 ipsorum
498 2067 583 2138 satis
602 2066 708 2136 habet
726 2066 902 2137 levitatem
926 2087 1117 2155 excusasse,
1142 2071 1181 2136 ut
1204 2068 1313 2136 omnis
1330 2068 1406 2138 eius
1426 2068 1586 2157 cogitatio

324 2191 390 2260 hoc
409 2190 560 2262 carmine
580 2191 807 2280 contineatur,
824 2191 967 2260 aliorum
984 2191 1109 2261 diversi
1125 2192 1262 2280 generis
1282 2200 1477 2278 poematum
1496 2192 1588 2262 rudia

326 2335 468 2403 usquam
504 2321 668 2387 cernatur
696 2316 899 2405 designatio.
935 2313 1079 2402 Quodsi
1113 2315 1155 2386 ab
1185 2319 1312 2387 usitata
1341 2317 1589 2404 consuetudine

326 2460 444 2512 eorum
464 2439 588 2529 quibus
607 2440 686 2510 novi
705 2440 786 2510 libri
805 2439 1008 2510 inchoantur
1027 2442 1214 2511 carminum
1230 2448 1358 2512 tautum
1375 2441 1490 2512 differt
1504 2442 1587 2514 haec

327 2564 454 2655 elegia,
481 2584 548 2652 quo
571 2565 647 2634 iure
671 2569 791 2635 contra
814 2564 920 2635 libros
943 2566 1198 2655 manuscriptos
1222 2570 1408 2654 contraque
1431 2571 1588 2637 veterum

327 2689 496 2760 editorum
516 2690 741 2760 auctoritates
757 2709 879 2758 novum
899 2689 942 2760 ab
963 2711 1003 2759 eo
1025 2690 1149 2760 librum
1168 2690 1379 2778 inchoemus,
1397 2711 1472 2760 cum
1488 2712 1588 2779 prae-

327 2811 445 2882 sertim
466 2810 586 2882 adeas
606 2815 826 2882 auctoritates
846 2815 995 2902 ipsorum
1015 2819 1169 2883 veterum
1194 2815 1400 2901 scriptorum
1425 2815 1590 2884 accedant
1643 2808 1645 2812 ’

327 2936 537 3026 testimonia,
549 2936 672 3025 quibus
682 2944 831 3026 quatuor
847 2958 913 3008 non
929 2938 1078 3026 quinque
1089 2934 1194 3007 luisse
1205 2937 1311 3008 libros
1321 2937 1496 3028 Propertii
1507 2959 1589 3008 cou-

327 3058 506 3131 firmatur?
525 3060 635 3134 Unum
657 3061 747 3151 quod
764 3062 1013 3151 Hertzbergius
1032 3067 1201 3132 memorat
1213 3059 1490 3154 (QuProppag.
1502 3063 1590 3152 215)

328 3185 438 3274 ipsius
448 3185 623 3275 Propertii
637 3191 700 3276 est,
717 3186 830 3276 quill,
844 3190 904 3277 24,
917 3187 962 3256 in.
975 3186 1026 3256 Tu
1040 3186 1206 3278 loqueris,
1225 3187 1346 3277 iuquit,
1358 3209 1436 3258 cum
1451 3188 1589 3259 sisuoto

328 3310 397 3378 iam
416 3306 532 3381 fabula
550 3311 650 3382 libro.
662 3311 710 3382 Et
728 3320 788 3382 tua
806 3311 852 3381 sit
871 3317 944 3382 toto
957 3311 1106 3401 Cynthia
1123 3313 1213 3384 lecta
1231 3311 1324 3400 ioro;
1345 3313 1442 3384 cuius
1457 3314 1484 3384 si
1503 3333 1589 3404 pon-

330 3433 395 3506 dus
404 3434 644 3506 Lachmaunus
664 3456 704 3506 eo
725 3435 863 3506 elevare
882 3425 1010 3525 studet,
1021 3442 1060 3505 ut
1078 3435 1221 3506 alterum
1234 3437 1445 3528 tertiumque
1464 3437 1588 3508 librum

97 3553 99 3569 '
200 3630 207 3650 ,
330 3559 431 3630 simul
455 3560 566 3631 editos
589 3560 693 3648 dicat,
718 3559 752 3630 id
774 3580 837 3648 pro
862 3567 1064 3649 argumento
1087 3559 1185 3631 affert
1209 3563 1299 3652 quod
1324 3564 1435 3652 ipsum
1459 3562 1591 3651 indiget

331 3686 647 3773 argumentationis.
687 3684 862 3774 Alterum,
893 3683 983 3774 quod
1011 3686 1143 3774 primus
1171 3685 1430 3759 Heimreichius
1462 3707 1590 3757 memo-

331 3809 421 3879 ravit
438 3808 591 3898 (Quaest.
612 3810 714 3899 Prop.
736 3830 814 3900 pag.
838 3811 913 3900 32.)
937 3818 972 3881 et
994 3817 1072 3899 post
1089 3809 1186 3882 illum
1206 3810 1380 3883 Lucienus
1399 3811 1590 3882 Muellerus

332 3933 462 4024 (Praei.
500 3935 555 4006 ad.
593 3934 768 4024 Propertii
806 3935 991 4006 editionem
1026 3935 1105 4009 XII.
1144 3939 1199 4028 a),
1236 3943 1290 4008 est
1325 3936 1438 4024 Nouii,
1471 3935 1591 4025 quiin

332 4079 410 4149 pag.
435 4063 519 4132 169.
537 4081 564 4132 s.
585 4083 617 4132 v.
638 4059 866 4132 secundare
888 4059 980 4132 hunc
1009 4081 1163 4132 versum:
1190 4062 1267 4134 Jam
1287 4058 1452 4150 liquidum
1477 4059 1591 4130 nautis

332 4204 416 4255 aura
438 4184 604 4256 secundat
627 4186 694 4256 iter
718 4223 766 4237 -
791 4193 912 4273 aperte
936 4185 1026 4257 libro
1049 4187 1169 4274 tertio,
1194 4205 1260 4255 uon
1289 4190 1412 4274 quarto
1435 4184 1589 4256 ascribit.

333 4307 440 4396 Quem
468 4331 646 4382 numerum
674 4310 739 4381 etsi
762 4310 802 4380 L.
823 4309 1013 4382 Muellerus
1041 4311 1142 4382 docet
1163 4306 1263 4380 facile
1286 4308 1440 4398 potuisse
1463 4329 1530 4380 una
1549 4329 1592 4380 ex

334 4438 484 4520 quatuor
503 4436 574 4508 iota
592 4436 720 4506 omissa
738 4434 901 4526 existere,
913 4457 986 4506 non
1006 4441 1118 4504 tamen
1136 4438 1207 4503 tam
1235 4433 1319 4504 nihil
1344 4433 1501 4505 codicum
1530 4455 1589 4504 au-

333 4560 488 4631 ctoritati
500 4561 720 4633 tribuendum
730 4565 825 4650 puto,
836 4567 876 4630 ut
890 4560 942 4630 vel
957 4555 1250 4630 consentientibus
1260 4579 1378 4629 eorum
1390 4557 1591 4630 testimoniis

335 4705 574 4775 repugnemus.
600 4686 665 4757 His
687 4686 794 4776 igitur
812 4684 1004 4755 rationibus
1028 4681 1166 4755 adducti
1191 4690 1226 4755 et
1244 4683 1400 4755 ultimum
1419 4682 1594 4772 Propertii
