<?xml version="1.0" encoding="UTF-8"?>
<!DOCTYPE html PUBLIC "-//W3C//DTD XHTML 1.0 Transitional//EN"
    "http://www.w3.org/TR/xhtml1/DTD/xhtml1-transitional.dtd">
<html xmlns="http://www.w3.org/1999/xhtml" xml:lang="en" lang="en">
 <head>
  <title>
</title>
<meta http-equiv="Content-Type" content="text/html;charset=utf-8" />
  <meta name='ocr-system' content='tesseract 3.04.00' />
  <meta name='ocr-capabilities' content='ocr_page ocr_carea ocr_par ocr_line ocrx_word'/>
</head>
<body>
  <div class='ocr_page' id='page_1' title='image "./dequartopropert00voiggoog_0018.png"; bbox 0 0 3600 5594; ppageno 0'>
   <div class='ocr_carea' id='block_1_1' title="bbox 730 472 939 542">
    <p class='ocr_par' dir='ltr' id='par_1_1' title="bbox 730 472 939 542">
     <span class='ocr_line' id='line_1_1' title="bbox 730 472 939 542; baseline 0 -20"><span class='ocrx_word' id='word_1_1' title='bbox 730 472 939 542; x_wconf 73' lang='lat'>‚11-</span> 
     </span>
    </p>
   </div>
   <div class='ocr_carea' id='block_1_2' title="bbox 182 661 1538 3506">
    <p class='ocr_par' dir='ltr' id='par_1_2' title="bbox 182 661 1538 3506">
     <span class='ocr_line' id='line_1_2' title="bbox 182 661 1464 772; baseline 0.005 -22"><span class='ocrx_word' id='word_1_2' title='bbox 182 760 184 764; x_wconf 23' lang='lat'>¹</span> <span class='ocrx_word' id='word_1_3' title='bbox 206 661 319 754; x_wconf 88' lang='lat' dir='ltr'>missis</span> <span class='ocrx_word' id='word_1_4' title='bbox 347 686 495 770; x_wconf 86' lang='lat' dir='ltr'>quatuor</span> <span class='ocrx_word' id='word_1_5' title='bbox 521 678 608 752; x_wconf 88' lang='lat' dir='ltr'>adde</span> <span class='ocrx_word' id='word_1_6' title='bbox 637 675 788 753; x_wconf 72' lang='lat' dir='ltr'>meis&#39;-</span> <span class='ocrx_word' id='word_1_7' title='bbox 811 685 870 752; x_wconf 89' lang='lat' dir='ltr'>aut</span> <span class='ocrx_word' id='word_1_8' title='bbox 896 681 932 750; x_wconf 93' lang='lat' dir='ltr'>in</span> <span class='ocrx_word' id='word_1_9' title='bbox 959 682 1018 772; x_wconf 93' lang='lat' dir='ltr'>iis,</span> <span class='ocrx_word' id='word_1_10' title='bbox 1048 701 1136 772; x_wconf 87' lang='lat' dir='ltr'>quae</span> <span class='ocrx_word' id='word_1_11' title='bbox 1163 681 1330 754; x_wconf 88' lang='lat' dir='ltr'>Amorum</span> <span class='ocrx_word' id='word_1_12' title='bbox 1358 703 1464 756; x_wconf 86' lang='lat' dir='ltr'>novae</span> 
     </span>
     <span class='ocr_line' id='line_1_3' title="bbox 207 803 1465 899; baseline 0.003 -23"><span class='ocrx_word' id='word_1_13' title='bbox 207 805 352 877; x_wconf 90' lang='lat' dir='ltr'>editioni</span> <span class='ocrx_word' id='word_1_14' title='bbox 379 805 566 894; x_wconf 87' lang='lat' dir='ltr'>praemissa</span> <span class='ocrx_word' id='word_1_15' title='bbox 594 810 689 876; x_wconf 92' lang='lat' dir='ltr'>suut:</span> <span class='ocrx_word' id='word_1_16' title='bbox 720 803 785 893; x_wconf 77' lang='lat' dir='ltr'>oui</span> <span class='ocrx_word' id='word_1_17' title='bbox 812 806 913 878; x_wconf 92' lang='lat' dir='ltr'>modo</span> <span class='ocrx_word' id='word_1_18' title='bbox 941 806 1088 878; x_wconf 83' lang='lat' dir='ltr'><strong>Nasonis</strong></span> <span class='ocrx_word' id='word_1_19' title='bbox 1114 804 1290 877; x_wconf 86' lang='lat' dir='ltr'>fueramus</span> <span class='ocrx_word' id='word_1_20' title='bbox 1317 807 1465 899; x_wconf 88' lang='lat' dir='ltr'>quinque</span> 
     </span>
     <span class='ocr_line' id='line_1_4' title="bbox 206 928 1466 1020; baseline 0.003 -20"><span class='ocrx_word' id='word_1_21' title='bbox 206 928 315 1001; x_wconf 91' lang='lat' dir='ltr'>libelli</span> <span class='ocrx_word' id='word_1_22' title='bbox 324 930 409 1000; x_wconf 85' lang='lat' dir='ltr'>Tres</span> <span class='ocrx_word' id='word_1_23' title='bbox 428 929 808 1002; x_wconf 73' lang='lat' dir='ltr'>sumus-Seorsum</span> <span class='ocrx_word' id='word_1_24' title='bbox 822 930 859 1000; x_wconf 94' lang='lat' dir='ltr'>hi</span> <span class='ocrx_word' id='word_1_25' title='bbox 879 929 1157 1020; x_wconf 82' lang='lat' dir='ltr'>quoquesiugula</span> <span class='ocrx_word' id='word_1_26' title='bbox 1170 931 1323 1002; x_wconf 88' lang='lat' dir='ltr'>carmina</span> <span class='ocrx_word' id='word_1_27' title='bbox 1336 930 1466 1004; x_wconf 88' lang='lat' dir='ltr'>libellos</span> 
     </span>
     <span class='ocr_line' id='line_1_5' title="bbox 207 1052 1467 1144; baseline 0.003 -21"><span class='ocrx_word' id='word_1_28' title='bbox 207 1054 393 1144; x_wconf 89' lang='lat' dir='ltr'>appellant,</span> <span class='ocrx_word' id='word_1_29' title='bbox 414 1062 451 1126; x_wconf 91' lang='lat' dir='ltr'>ut</span> <span class='ocrx_word' id='word_1_30' title='bbox 471 1052 569 1126; x_wconf 91' lang='lat' dir='ltr'>Ovid.</span> <span class='ocrx_word' id='word_1_31' title='bbox 591 1054 698 1125; x_wconf 81' lang='lat' dir='ltr'>Trist.</span> <span class='ocrx_word' id='word_1_32' title='bbox 718 1053 780 1143; x_wconf 95' lang='lat' dir='ltr'>IV,</span> <span class='ocrx_word' id='word_1_33' title='bbox 805 1057 838 1143; x_wconf 88' lang='lat'>1,</span> <span class='ocrx_word' id='word_1_34' title='bbox 858 1058 889 1123; x_wconf 86' lang='lat' dir='ltr'>l.</span> <span class='ocrx_word' id='word_1_35' title='bbox 911 1054 947 1126; x_wconf 86' lang='lat' dir='ltr'>si</span> <span class='ocrx_word' id='word_1_36' title='bbox 968 1075 1036 1144; x_wconf 92' lang='lat' dir='ltr'>qua</span> <span class='ocrx_word' id='word_1_37' title='bbox 1055 1054 1139 1125; x_wconf 93' lang='lat' dir='ltr'>meis</span> <span class='ocrx_word' id='word_1_38' title='bbox 1153 1053 1287 1126; x_wconf 80' lang='lat' dir='ltr'>fuerim</span> <span class='ocrx_word' id='word_1_39' title='bbox 1305 1061 1346 1126; x_wconf 90' lang='lat' dir='ltr'>ut</span> <span class='ocrx_word' id='word_1_40' title='bbox 1364 1061 1467 1128; x_wconf 88' lang='lat' dir='ltr'>erant</span> 
     </span>
     <span class='ocr_line' id='line_1_6' title="bbox 207 1177 1465 1271; baseline 0.002 -22"><span class='ocrx_word' id='word_1_41' title='bbox 207 1178 331 1249; x_wconf 86' lang='lat' dir='ltr'>vitiosa</span> <span class='ocrx_word' id='word_1_42' title='bbox 348 1178 474 1249; x_wconf 86' lang='lat' dir='ltr'>libellis</span> <span class='ocrx_word' id='word_1_43' title='bbox 492 1218 531 1230; x_wconf 93' lang='lat'><em>-</em></span> <span class='ocrx_word' id='word_1_44' title='bbox 553 1177 619 1268; x_wconf 85' lang='lat' dir='ltr'>Ep.</span> <span class='ocrx_word' id='word_1_45' title='bbox 637 1200 679 1248; x_wconf 88' lang='lat' dir='ltr'>ex</span> <span class='ocrx_word' id='word_1_46' title='bbox 694 1177 734 1249; x_wconf 94' lang='lat' dir='ltr'>P.</span> <span class='ocrx_word' id='word_1_47' title='bbox 749 1178 778 1268; x_wconf 93' lang='lat' dir='ltr'>I,</span> <span class='ocrx_word' id='word_1_48' title='bbox 803 1182 834 1268; x_wconf 96' lang='lat' dir='ltr'>l,</span> <span class='ocrx_word' id='word_1_49' title='bbox 852 1181 886 1248; x_wconf 89' lang='lat'>3.</span> <span class='ocrx_word' id='word_1_50' title='bbox 909 1177 1072 1268; x_wconf 72' lang='lat' dir='ltr'>siverat,</span> <span class='ocrx_word' id='word_1_51' title='bbox 1088 1178 1465 1271; x_wconf 84' lang='lat' dir='ltr'>bospitioperegrinos‚</span> 
     </span>
     <span class='ocr_line' id='line_1_7' title="bbox 208 1301 1466 1394; baseline 0.003 -22"><span class='ocrx_word' id='word_1_52' title='bbox 208 1301 326 1391; x_wconf 88' lang='lat' dir='ltr'><strong>Brute,</strong></span> <span class='ocrx_word' id='word_1_53' title='bbox 347 1301 480 1374; x_wconf 90' lang='lat' dir='ltr'>libellos</span> <span class='ocrx_word' id='word_1_54' title='bbox 500 1303 620 1392; x_wconf 80' lang='lat' dir='ltr'>excipe</span> <span class='ocrx_word' id='word_1_55' title='bbox 640 1301 772 1394; x_wconf 87' lang='lat' dir='ltr'>-IV,</span> <span class='ocrx_word' id='word_1_56' title='bbox 794 1306 829 1392; x_wconf 83' lang='lat'>2,</span> <span class='ocrx_word' id='word_1_57' title='bbox 852 1305 900 1373; x_wconf 83' lang='grc' dir='ltr'>3.Ι</span> <span class='ocrx_word' id='word_1_58' title='bbox 917 1301 1025 1374; x_wconf 79' lang='lat' dir='ltr'>Cuius</span> <span class='ocrx_word' id='word_1_59' title='bbox 1044 1301 1157 1374; x_wconf 87' lang='lat' dir='ltr'>adhue</span> <span class='ocrx_word' id='word_1_60' title='bbox 1181 1323 1303 1374; x_wconf 86' lang='lat' dir='ltr'>nomeu</span> <span class='ocrx_word' id='word_1_61' title='bbox 1327 1310 1466 1376; x_wconf 88' lang='lat' dir='ltr'>nostros</span> 
     </span>
     <span class='ocr_line' id='line_1_8' title="bbox 207 1423 1465 1518; baseline 0.003 -22"><span class='ocrx_word' id='word_1_62' title='bbox 207 1427 355 1497; x_wconf 82' lang='lat' dir='ltr'><strong>tacuisse</strong></span> <span class='ocrx_word' id='word_1_63' title='bbox 373 1425 509 1498; x_wconf 92' lang='lat' dir='ltr'>libellos</span> <span class='ocrx_word' id='word_1_64' title='bbox 529 1423 564 1497; x_wconf 89' lang='lat' dir='ltr'>Si</span> <span class='ocrx_word' id='word_1_65' title='bbox 583 1426 685 1497; x_wconf 92' lang='lat' dir='ltr'>modo</span> <span class='ocrx_word' id='word_1_66' title='bbox 704 1425 876 1517; x_wconf 83' lang='lat' dir='ltr'><strong>permittis</strong></span> <span class='ocrx_word' id='word_1_67' title='bbox 901 1425 1018 1497; x_wconf 86' lang='lat' dir='ltr'>dicere</span> <span class='ocrx_word' id='word_1_68' title='bbox 1043 1447 1126 1498; x_wconf 88' lang='lat' dir='ltr'>vera</span> <span class='ocrx_word' id='word_1_69' title='bbox 1147 1426 1325 1517; x_wconf 86' lang='lat' dir='ltr'>pudet-</span> <span class='ocrx_word' id='word_1_70' title='bbox 1350 1432 1409 1518; x_wconf 88' lang='lat'>12,</span> <span class='ocrx_word' id='word_1_71' title='bbox 1432 1432 1465 1500; x_wconf 92' lang='lat'>1.</span> 
     </span>
     <span class='ocr_line' id='line_1_9' title="bbox 209 1548 1466 1642; baseline 0.002 -22"><span class='ocrx_word' id='word_1_72' title='bbox 209 1548 396 1638; x_wconf 74' lang='lat' dir='ltr'>Quomiuus</span> <span class='ocrx_word' id='word_1_73' title='bbox 414 1552 448 1620; x_wconf 91' lang='lat' dir='ltr'>in</span> <span class='ocrx_word' id='word_1_74' title='bbox 468 1551 596 1622; x_wconf 89' lang='lat' dir='ltr'>nostris</span> <span class='ocrx_word' id='word_1_75' title='bbox 615 1550 764 1641; x_wconf 89' lang='lat' dir='ltr'>ponaris,</span> <span class='ocrx_word' id='word_1_76' title='bbox 785 1551 906 1640; x_wconf 85' lang='lat' dir='ltr'>amice,</span> <span class='ocrx_word' id='word_1_77' title='bbox 922 1550 1047 1623; x_wconf 83' lang='lat' dir='ltr'>libellis</span> <span class='ocrx_word' id='word_1_78' title='bbox 1071 1593 1113 1602; x_wconf 91' lang='lat'>—</span> <span class='ocrx_word' id='word_1_79' title='bbox 1134 1551 1186 1624; x_wconf 93' lang='lat' dir='ltr'>lb.</span> <span class='ocrx_word' id='word_1_80' title='bbox 1206 1553 1240 1622; x_wconf 89' lang='lat'>5.</span> <span class='ocrx_word' id='word_1_81' title='bbox 1260 1551 1334 1624; x_wconf 91' lang='lat' dir='ltr'>Nec</span> <span class='ocrx_word' id='word_1_82' title='bbox 1349 1571 1466 1642; x_wconf 89' lang='lat' dir='ltr'>quem·</span> 
     </span>
     <span class='ocr_line' id='line_1_10' title="bbox 209 1673 1538 1767; baseline 0.003 -23"><span class='ocrx_word' id='word_1_83' title='bbox 209 1695 308 1765; x_wconf 88' lang='lat' dir='ltr'>quam</span> <span class='ocrx_word' id='word_1_84' title='bbox 332 1676 443 1746; x_wconf 88' lang='lat' dir='ltr'>nostri</span> <span class='ocrx_word' id='word_1_85' title='bbox 465 1675 531 1746; x_wconf 88' lang='lat' dir='ltr'>nisi</span> <span class='ocrx_word' id='word_1_86' title='bbox 557 1697 620 1747; x_wconf 92' lang='lat' dir='ltr'>nos</span> <span class='ocrx_word' id='word_1_87' title='bbox 646 1675 780 1746; x_wconf 83' lang='lat' dir='ltr'>laesere</span> <span class='ocrx_word' id='word_1_88' title='bbox 808 1673 914 1746; x_wconf 92' lang='lat' dir='ltr'>libelli</span> <span class='ocrx_word' id='word_1_89' title='bbox 937 1715 984 1728; x_wconf 93' lang='lat'>—</span> <span class='ocrx_word' id='word_1_90' title='bbox 1005 1675 1128 1747; x_wconf 84' lang='lat' dir='ltr'><strong>Horat.</strong></span> <span class='ocrx_word' id='word_1_91' title='bbox 1154 1675 1267 1767; x_wconf 83' lang='lat' dir='ltr'>Epist.</span> <span class='ocrx_word' id='word_1_92' title='bbox 1292 1677 1321 1765; x_wconf 96' lang='lat' dir='ltr'>I,</span> <span class='ocrx_word' id='word_1_93' title='bbox 1350 1679 1409 1767; x_wconf 88' lang='lat'>13,</span> <span class='ocrx_word' id='word_1_94' title='bbox 1430 1681 1465 1751; x_wconf 90' lang='lat'>4.</span> <span class='ocrx_word' id='word_1_95' title='bbox 1537 1711 1538 1714; x_wconf 38' lang='lat'>¹</span> 
     </span>
     <span class='ocr_line' id='line_1_11' title="bbox 208 1798 1519 1890; baseline 0.002 -20"><span class='ocrx_word' id='word_1_96' title='bbox 208 1798 260 1870; x_wconf 91' lang='lat' dir='ltr'>Ne</span> <span class='ocrx_word' id='word_1_97' title='bbox 273 1798 506 1872; x_wconf 81' lang='lat' dir='ltr'>studiosostri</span> <span class='ocrx_word' id='word_1_98' title='bbox 525 1821 646 1890; x_wconf 89' lang='lat' dir='ltr'>pecces</span> <span class='ocrx_word' id='word_1_99' title='bbox 666 1799 851 1890; x_wconf 91' lang='lat' dir='ltr'>odiumque</span> <span class='ocrx_word' id='word_1_100' title='bbox 870 1798 995 1871; x_wconf 91' lang='lat' dir='ltr'>libellis</span> <span class='ocrx_word' id='word_1_101' title='bbox 1015 1799 1159 1873; x_wconf 85' lang='lat' dir='ltr'>Sedulus</span> <span class='ocrx_word' id='word_1_102' title='bbox 1168 1801 1345 1890; x_wconf 88' lang='lat' dir='ltr'>importes.</span> <span class='ocrx_word' id='word_1_103' title='bbox 1357 1801 1468 1876; x_wconf 88' lang='lat' dir='ltr'>-Ut</span> <span class='ocrx_word' id='word_1_104' title='bbox 1509 1843 1519 1863; x_wconf 89' lang='lat'><strong>·</strong></span> 
     </span>
     <span class='ocr_line' id='line_1_12' title="bbox 206 1923 1469 2016; baseline 0.003 -22"><span class='ocrx_word' id='word_1_105' title='bbox 206 1925 326 2013; x_wconf 90' lang='lat' dir='ltr'>paucis</span> <span class='ocrx_word' id='word_1_106' title='bbox 350 1923 578 2013; x_wconf 88' lang='lat' dir='ltr'>complectar:</span> <span class='ocrx_word' id='word_1_107' title='bbox 608 1945 650 1994; x_wconf 90' lang='lat' dir='ltr'>ex</span> <span class='ocrx_word' id='word_1_108' title='bbox 674 1923 820 1995; x_wconf 91' lang='lat' dir='ltr'>aliorum</span> <span class='ocrx_word' id='word_1_109' title='bbox 850 1924 1097 1996; x_wconf 88' lang='lat' dir='ltr'>cousuetudine</span> <span class='ocrx_word' id='word_1_110' title='bbox 1119 1931 1207 1996; x_wconf 85' lang='lat' dir='ltr'>tres</span> <span class='ocrx_word' id='word_1_111' title='bbox 1234 1924 1369 1996; x_wconf 91' lang='lat' dir='ltr'>libelli</span> <span class='ocrx_word' id='word_1_112' title='bbox 1391 1946 1469 2016; x_wconf 93' lang='lat' dir='ltr'>pos·</span> 
     </span>
     <span class='ocr_line' id='line_1_13' title="bbox 208 2048 1468 2139; baseline 0.005 -21"><span class='ocrx_word' id='word_1_113' title='bbox 208 2057 288 2118; x_wconf 91' lang='lat' dir='ltr'>suut</span> <span class='ocrx_word' id='word_1_114' title='bbox 308 2067 385 2120; x_wconf 88' lang='lat' dir='ltr'>esse</span> <span class='ocrx_word' id='word_1_115' title='bbox 404 2050 486 2120; x_wconf 88' lang='lat' dir='ltr'>tria</span> <span class='ocrx_word' id='word_1_116' title='bbox 505 2050 697 2139; x_wconf 86' lang='lat' dir='ltr'>earmina,</span> <span class='ocrx_word' id='word_1_117' title='bbox 717 2070 759 2120; x_wconf 90' lang='lat' dir='ltr'>ex</span> <span class='ocrx_word' id='word_1_118' title='bbox 772 2048 1267 2138; x_wconf 85' lang='lat' dir='ltr'>Propertianacousuetudine</span> <span class='ocrx_word' id='word_1_119' title='bbox 1285 2069 1352 2122; x_wconf 90' lang='lat' dir='ltr'>uon</span> <span class='ocrx_word' id='word_1_120' title='bbox 1367 2048 1468 2124; x_wconf 88' lang='lat' dir='ltr'>lacile</span> 
     </span>
     <span class='ocr_line' id='line_1_14' title="bbox 208 2173 1468 2264; baseline 0.003 -22"><span class='ocrx_word' id='word_1_121' title='bbox 208 2178 357 2262; x_wconf 91' lang='lat' dir='ltr'>possunt</span> <span class='ocrx_word' id='word_1_122' title='bbox 371 2193 446 2244; x_wconf 87' lang='lat' dir='ltr'>esse</span> <span class='ocrx_word' id='word_1_123' title='bbox 462 2174 564 2245; x_wconf 89' lang='lat' dir='ltr'>aliud.</span> <span class='ocrx_word' id='word_1_124' title='bbox 585 2173 659 2245; x_wconf 90' lang='lat' dir='ltr'>Nec</span> <span class='ocrx_word' id='word_1_125' title='bbox 674 2174 784 2264; x_wconf 85' lang='lat' dir='ltr'>magis</span> <span class='ocrx_word' id='word_1_126' title='bbox 799 2173 984 2264; x_wconf 89' lang='lat' dir='ltr'>quidquam</span> <span class='ocrx_word' id='word_1_127' title='bbox 999 2194 1041 2246; x_wconf 89' lang='lat' dir='ltr'>ex</span> <span class='ocrx_word' id='word_1_128' title='bbox 1059 2175 1194 2246; x_wconf 90' lang='lat' dir='ltr'>tribus</span> <span class='ocrx_word' id='word_1_129' title='bbox 1213 2174 1325 2263; x_wconf 91' lang='lat' dir='ltr'>promi</span> <span class='ocrx_word' id='word_1_130' title='bbox 1339 2180 1468 2264; x_wconf 87' lang='lat' dir='ltr'>potest,</span> 
     </span>
     <span class='ocr_line' id='line_1_15' title="bbox 209 2292 1469 2388; baseline 0.002 -20"><span class='ocrx_word' id='word_1_131' title='bbox 209 2318 275 2387; x_wconf 93' lang='lat' dir='ltr'>quo</span> <span class='ocrx_word' id='word_1_132' title='bbox 295 2298 441 2370; x_wconf 90' lang='lat' dir='ltr'>alterum</span> <span class='ocrx_word' id='word_1_133' title='bbox 459 2296 584 2370; x_wconf 89' lang='lat' dir='ltr'>librum</span> <span class='ocrx_word' id='word_1_134' title='bbox 604 2300 639 2368; x_wconf 90' lang='lat' dir='ltr'>in</span> <span class='ocrx_word' id='word_1_135' title='bbox 659 2299 746 2370; x_wconf 94' lang='lat' dir='ltr'>duos</span> <span class='ocrx_word' id='word_1_136' title='bbox 765 2292 987 2369; x_wconf 84' lang='lat' dir='ltr'>dividendum</span> <span class='ocrx_word' id='word_1_137' title='bbox 1007 2295 1186 2370; x_wconf 86' lang='lat' dir='ltr'>afficiatur.</span> <span class='ocrx_word' id='word_1_138' title='bbox 1217 2298 1361 2388; x_wconf 85' lang='lat' dir='ltr'>Triplici</span> <span class='ocrx_word' id='word_1_139' title='bbox 1380 2299 1469 2370; x_wconf 87' lang='lat' dir='ltr'>enirn</span> 
     </span>
     <span class='ocr_line' id='line_1_16' title="bbox 209 2420 1471 2513; baseline 0.002 -21"><span class='ocrx_word' id='word_1_140' title='bbox 209 2421 308 2494; x_wconf 92' lang='lat' dir='ltr'>modo</span> <span class='ocrx_word' id='word_1_141' title='bbox 341 2423 493 2494; x_wconf 88' lang='lat' dir='ltr'>ternario</span> <span class='ocrx_word' id='word_1_142' title='bbox 524 2443 669 2494; x_wconf 91' lang='lat' dir='ltr'>numero</span> <span class='ocrx_word' id='word_1_143' title='bbox 702 2423 811 2495; x_wconf 86' lang='lat' dir='ltr'>utitur</span> <span class='ocrx_word' id='word_1_144' title='bbox 843 2422 1065 2513; x_wconf 86' lang='lat' dir='ltr'>Propertius,</span> <span class='ocrx_word' id='word_1_145' title='bbox 1100 2427 1138 2493; x_wconf 94' lang='lat' dir='ltr'>ut</span> <span class='ocrx_word' id='word_1_146' title='bbox 1165 2420 1238 2494; x_wconf 86' lang='lat' dir='ltr'>iere</span> <span class='ocrx_word' id='word_1_147' title='bbox 1266 2443 1383 2495; x_wconf 88' lang='lat' dir='ltr'>omues</span> <span class='ocrx_word' id='word_1_148' title='bbox 1410 2427 1471 2494; x_wconf 88' lang='lat' dir='ltr'>aut</span> 
     </span>
     <span class='ocr_line' id='line_1_17' title="bbox 209 2546 1470 2638; baseline 0.001 -21"><span class='ocrx_word' id='word_1_149' title='bbox 209 2548 399 2636; x_wconf 83' lang='lat' dir='ltr'>scriptores</span> <span class='ocrx_word' id='word_1_150' title='bbox 417 2553 478 2618; x_wconf 91' lang='lat' dir='ltr'>aut</span> <span class='ocrx_word' id='word_1_151' title='bbox 497 2553 621 2636; x_wconf 83' lang='lat' dir='ltr'>poetae</span> <span class='ocrx_word' id='word_1_152' title='bbox 638 2553 765 2618; x_wconf 88' lang='lat' dir='ltr'>tamen.</span> <span class='ocrx_word' id='word_1_153' title='bbox 785 2546 940 2618; x_wconf 92' lang='lat' dir='ltr'>Primum</span> <span class='ocrx_word' id='word_1_154' title='bbox 963 2547 1118 2638; x_wconf 85' lang='lat' dir='ltr'>proprie,</span> <span class='ocrx_word' id='word_1_155' title='bbox 1142 2551 1183 2619; x_wconf 88' lang='lat' dir='ltr'>ut</span> <span class='ocrx_word' id='word_1_156' title='bbox 1199 2553 1273 2618; x_wconf 91' lang='lat' dir='ltr'>tres</span> <span class='ocrx_word' id='word_1_157' title='bbox 1292 2567 1346 2618; x_wconf 91' lang='lat' dir='ltr'>res</span> <span class='ocrx_word' id='word_1_158' title='bbox 1365 2547 1470 2637; x_wconf 87' lang='lat' dir='ltr'>dieat,</span> 
     </span>
     <span class='ocr_line' id='line_1_18' title="bbox 210 2669 1469 2761; baseline 0.001 -19"><span class='ocrx_word' id='word_1_159' title='bbox 210 2672 291 2760; x_wconf 89' lang='lat' dir='ltr'>quia</span> <span class='ocrx_word' id='word_1_160' title='bbox 309 2673 344 2742; x_wconf 89' lang='lat' dir='ltr'>in</span> <span class='ocrx_word' id='word_1_161' title='bbox 363 2691 478 2742; x_wconf 88' lang='lat' dir='ltr'>rerum</span> <span class='ocrx_word' id='word_1_162' title='bbox 498 2678 623 2743; x_wconf 85' lang='lat' dir='ltr'>natura</span> <span class='ocrx_word' id='word_1_163' title='bbox 642 2677 723 2742; x_wconf 89' lang='lat' dir='ltr'>suut</span> <span class='ocrx_word' id='word_1_164' title='bbox 742 2669 902 2742; x_wconf 86' lang='lat' dir='ltr'>totidem:</span> <span class='ocrx_word' id='word_1_165' title='bbox 923 2671 968 2761; x_wconf 94' lang='grc' dir='ltr'>ΙΙ,</span> <span class='ocrx_word' id='word_1_166' title='bbox 985 2673 1045 2760; x_wconf 90' lang='grc'>13,</span> <span class='ocrx_word' id='word_1_167' title='bbox 1057 2674 1118 2742; x_wconf 87' lang='grc'>44.</span> <span class='ocrx_word' id='word_1_168' title='bbox 1144 2669 1309 2742; x_wconf 87' lang='lat' dir='ltr'>iussisset</span> <span class='ocrx_word' id='word_1_169' title='bbox 1328 2673 1469 2761; x_wconf 85' lang='lat' dir='ltr'>quaevis</span> 
     </span>
     <span class='ocr_line' id='line_1_19' title="bbox 210 2794 1471 2886; baseline 0 -19"><span class='ocrx_word' id='word_1_170' title='bbox 210 2796 251 2867; x_wconf 89' lang='lat' dir='ltr'>de</span> <span class='ocrx_word' id='word_1_171' title='bbox 270 2797 381 2868; x_wconf 86' lang='lat' dir='ltr'>tribus</span> <span class='ocrx_word' id='word_1_172' title='bbox 400 2817 468 2868; x_wconf 89' lang='lat' dir='ltr'>una</span> <span class='ocrx_word' id='word_1_173' title='bbox 487 2817 587 2867; x_wconf 94' lang='lat' dir='ltr'>soror</span> <span class='ocrx_word' id='word_1_174' title='bbox 603 2794 708 2866; x_wconf 74' lang='lat' dir='ltr'>-ct</span> <span class='ocrx_word' id='word_1_175' title='bbox 727 2799 788 2868; x_wconf 90' lang='lat'>46.</span> <span class='ocrx_word' id='word_1_176' title='bbox 809 2794 968 2866; x_wconf 86' lang='lat' dir='ltr'>Nestoris</span> <span class='ocrx_word' id='word_1_177' title='bbox 987 2801 1041 2866; x_wconf 90' lang='lat' dir='ltr'>est</span> <span class='ocrx_word' id='word_1_178' title='bbox 1061 2795 1154 2867; x_wconf 86' lang='lat' dir='ltr'>uisus</span> <span class='ocrx_word' id='word_1_179' title='bbox 1173 2800 1251 2886; x_wconf 92' lang='lat' dir='ltr'>post</span> <span class='ocrx_word' id='word_1_180' title='bbox 1269 2796 1339 2866; x_wconf 90' lang='lat' dir='ltr'>tria</span> <span class='ocrx_word' id='word_1_181' title='bbox 1357 2797 1471 2868; x_wconf 87' lang='lat' dir='ltr'>saecla</span> 
     </span>
     <span class='ocr_line' id='line_1_20' title="bbox 209 2919 1472 3010; baseline 0.002 -21"><span class='ocrx_word' id='word_1_182' title='bbox 209 2921 361 2990; x_wconf 83' lang='lat' dir='ltr'>ciuis-</span> <span class='ocrx_word' id='word_1_183' title='bbox 376 2921 440 3010; x_wconf 90' lang='grc' dir='ltr'>ΠΙ,</span> <span class='ocrx_word' id='word_1_184' title='bbox 457 2927 515 3010; x_wconf 94' lang='grc'><strong>11,</strong></span> <span class='ocrx_word' id='word_1_185' title='bbox 538 2923 598 2992; x_wconf 86' lang='grc'>35.</span> <span class='ocrx_word' id='word_1_186' title='bbox 619 2921 705 2990; x_wconf 88' lang='lat' dir='ltr'>Tres</span> <span class='ocrx_word' id='word_1_187' title='bbox 724 2919 784 2990; x_wconf 92' lang='lat' dir='ltr'>ubi</span> <span class='ocrx_word' id='word_1_188' title='bbox 802 2919 966 3010; x_wconf 86' lang='lat' dir='ltr'>Pompeio</span> <span class='ocrx_word' id='word_1_189' title='bbox 987 2919 1139 2992; x_wconf 85' lang='lat' dir='ltr'>detraxit</span> <span class='ocrx_word' id='word_1_190' title='bbox 1156 2939 1260 2992; x_wconf 86' lang='lat' dir='ltr'>arena</span> <span class='ocrx_word' id='word_1_191' title='bbox 1278 2919 1472 3010; x_wconf 89' lang='lat' dir='ltr'>triumphos</span> 
     </span>
     <span class='ocr_line' id='line_1_21' title="bbox 213 3043 1472 3134; baseline 0.002 -21"><span class='ocrx_word' id='word_1_192' title='bbox 213 3083 259 3096; x_wconf 90' lang='lat'><strong>—</strong></span> <span class='ocrx_word' id='word_1_193' title='bbox 279 3043 326 3115; x_wconf 90' lang='lat' dir='ltr'>ib.</span> <span class='ocrx_word' id='word_1_194' title='bbox 351 3047 409 3134; x_wconf 86' lang='lat'>15,</span> <span class='ocrx_word' id='word_1_195' title='bbox 431 3048 466 3115; x_wconf 87' lang='grc'>7.</span> <span class='ocrx_word' id='word_1_196' title='bbox 486 3045 625 3116; x_wconf 86' lang='lat' dir='ltr'>Tertius</span> <span class='ocrx_word' id='word_1_197' title='bbox 644 3044 740 3116; x_wconf 91' lang='lat' dir='ltr'>baud</span> <span class='ocrx_word' id='word_1_198' title='bbox 764 3045 1004 3116; x_wconf 87' lang='lat' dir='ltr'>multominus</span> <span class='ocrx_word' id='word_1_199' title='bbox 1028 3053 1083 3118; x_wconf 88' lang='lat' dir='ltr'>ost</span> <span class='ocrx_word' id='word_1_200' title='bbox 1106 3065 1183 3116; x_wconf 88' lang='lat' dir='ltr'>cum</span> <span class='ocrx_word' id='word_1_201' title='bbox 1206 3043 1345 3116; x_wconf 91' lang='lat' dir='ltr'>ducitur</span> <span class='ocrx_word' id='word_1_202' title='bbox 1361 3065 1472 3116; x_wconf 90' lang='lat' dir='ltr'>annus</span> 
     </span>
     <span class='ocr_line' id='line_1_22' title="bbox 213 3167 1469 3258; baseline 0 -20"><span class='ocrx_word' id='word_1_203' title='bbox 213 3207 260 3220; x_wconf 88' lang='lat'>-</span> <span class='ocrx_word' id='word_1_204' title='bbox 281 3168 328 3239; x_wconf 90' lang='lat' dir='ltr'>ib.</span> <span class='ocrx_word' id='word_1_205' title='bbox 344 3171 403 3258; x_wconf 89' lang='lat'>18,</span> <span class='ocrx_word' id='word_1_206' title='bbox 417 3171 477 3239; x_wconf 86' lang='lat'>23.</span> <span class='ocrx_word' id='word_1_207' title='bbox 497 3167 683 3238; x_wconf 86' lang='lat' dir='ltr'>Exoranda</span> <span class='ocrx_word' id='word_1_208' title='bbox 698 3168 874 3239; x_wconf 84' lang='lat' dir='ltr'>capistria</span> <span class='ocrx_word' id='word_1_209' title='bbox 893 3173 975 3238; x_wconf 91' lang='lat' dir='ltr'>sunt</span> <span class='ocrx_word' id='word_1_210' title='bbox 992 3168 1157 3240; x_wconf 88' lang='lat' dir='ltr'>latrantia</span> <span class='ocrx_word' id='word_1_211' title='bbox 1166 3167 1266 3239; x_wconf 89' lang='lat' dir='ltr'>colla.</span> <span class='ocrx_word' id='word_1_212' title='bbox 1281 3167 1343 3254; x_wconf 90' lang='lat' dir='ltr'>IV,</span> <span class='ocrx_word' id='word_1_213' title='bbox 1360 3171 1396 3256; x_wconf 85' lang='lat'>8,</span> <span class='ocrx_word' id='word_1_214' title='bbox 1409 3169 1469 3238; x_wconf 83' lang='lat'>35.</span> 
     </span>
     <span class='ocr_line' id='line_1_23' title="bbox 211 3289 1472 3382; baseline -0.001 -18"><span class='ocrx_word' id='word_1_215' title='bbox 211 3291 307 3365; x_wconf 88' lang='lat' dir='ltr'>Unus</span> <span class='ocrx_word' id='word_1_216' title='bbox 331 3298 405 3362; x_wconf 89' lang='lat' dir='ltr'>erat</span> <span class='ocrx_word' id='word_1_217' title='bbox 438 3291 552 3362; x_wconf 90' lang='lat' dir='ltr'>tribus</span> <span class='ocrx_word' id='word_1_218' title='bbox 574 3291 610 3360; x_wconf 90' lang='lat' dir='ltr'>in</span> <span class='ocrx_word' id='word_1_219' title='bbox 634 3295 770 3361; x_wconf 88' lang='lat' dir='ltr'>secreta</span> <span class='ocrx_word' id='word_1_220' title='bbox 791 3290 937 3362; x_wconf 90' lang='lat' dir='ltr'>lectulus</span> <span class='ocrx_word' id='word_1_221' title='bbox 961 3290 1082 3362; x_wconf 90' lang='lat' dir='ltr'>herba.</span> <span class='ocrx_word' id='word_1_222' title='bbox 1102 3290 1148 3361; x_wconf 92' lang='lat' dir='ltr'>ib.</span> <span class='ocrx_word' id='word_1_223' title='bbox 1171 3295 1206 3382; x_wconf 88' lang='lat'>9,</span> <span class='ocrx_word' id='word_1_224' title='bbox 1237 3293 1294 3361; x_wconf 89' lang='grc'>10.</span> <span class='ocrx_word' id='word_1_225' title='bbox 1314 3289 1384 3362; x_wconf 92' lang='lat' dir='ltr'>Per</span> <span class='ocrx_word' id='word_1_226' title='bbox 1402 3290 1472 3363; x_wconf 90' lang='lat' dir='ltr'>tria</span> 
     </span>
     <span class='ocr_line' id='line_1_24' title="bbox 213 3412 1474 3506; baseline 0.001 -20"><span class='ocrx_word' id='word_1_227' title='bbox 213 3417 364 3506; x_wconf 85' lang='lat' dir='ltr'>partitos</span> <span class='ocrx_word' id='word_1_228' title='bbox 383 3416 443 3506; x_wconf 90' lang='lat' dir='ltr'>qui</span> <span class='ocrx_word' id='word_1_229' title='bbox 462 3414 567 3486; x_wconf 88' lang='lat' dir='ltr'>dabat</span> <span class='ocrx_word' id='word_1_230' title='bbox 587 3435 650 3486; x_wconf 90' lang='lat' dir='ltr'>ora</span> <span class='ocrx_word' id='word_1_231' title='bbox 667 3412 775 3486; x_wconf 88' lang='lat' dir='ltr'>focos.</span> <span class='ocrx_word' id='word_1_232' title='bbox 796 3414 842 3485; x_wconf 88' lang='lat' dir='ltr'>ib.</span> <span class='ocrx_word' id='word_1_233' title='bbox 868 3418 925 3486; x_wconf 89' lang='lat'>15.</span> <span class='ocrx_word' id='word_1_234' title='bbox 948 3414 1121 3486; x_wconf 87' lang='lat' dir='ltr'>Maenalio</span> <span class='ocrx_word' id='word_1_235' title='bbox 1139 3415 1248 3486; x_wconf 84' lang='lat' dir='ltr'>iacuit</span> <span class='ocrx_word' id='word_1_236' title='bbox 1265 3415 1386 3504; x_wconf 88' lang='lat' dir='ltr'>pulsus</span> <span class='ocrx_word' id='word_1_237' title='bbox 1406 3415 1474 3488; x_wconf 90' lang='lat' dir='ltr'>tria</span> 
     </span>
    </p>
   </div>
   <div class='ocr_carea' id='block_1_3' title="bbox 117 3533 1473 4251">
    <p class='ocr_par' dir='ltr' id='par_1_3' title="bbox 117 3533 1473 4126">
     <span class='ocr_line' id='line_1_25' title="bbox 117 3533 1473 3630; baseline -0.001 -18"><span class='ocrx_word' id='word_1_238' title='bbox 117 3533 119 3538; x_wconf 78' lang='grc'><strong>’</strong></span> <span class='ocrx_word' id='word_1_239' title='bbox 210 3547 367 3630; x_wconf 90' lang='lat' dir='ltr'>tempora</span> <span class='ocrx_word' id='word_1_240' title='bbox 390 3561 488 3610; x_wconf 87' lang='lat' dir='ltr'>ramo</span> <span class='ocrx_word' id='word_1_241' title='bbox 513 3538 641 3626; x_wconf 82' lang='lat' dir='ltr'>Cacus3</span> <span class='ocrx_word' id='word_1_242' title='bbox 664 3579 712 3590; x_wconf 88' lang='lat'>--</span> <span class='ocrx_word' id='word_1_243' title='bbox 731 3538 778 3610; x_wconf 92' lang='lat' dir='ltr'>ib.</span> <span class='ocrx_word' id='word_1_244' title='bbox 807 3542 866 3628; x_wconf 88' lang='grc'>10,</span> <span class='ocrx_word' id='word_1_245' title='bbox 892 3543 926 3611; x_wconf 84' lang='lat'>2.</span> <span class='ocrx_word' id='word_1_246' title='bbox 952 3541 1125 3630; x_wconf 85' lang='lat' dir='ltr'>Armaque</span> <span class='ocrx_word' id='word_1_247' title='bbox 1147 3539 1190 3610; x_wconf 90' lang='lat' dir='ltr'>de</span> <span class='ocrx_word' id='word_1_248' title='bbox 1213 3539 1357 3611; x_wconf 90' lang='lat' dir='ltr'>ducibus</span> <span class='ocrx_word' id='word_1_249' title='bbox 1380 3539 1473 3612; x_wconf 90' lang='lat' dir='ltr'>trina</span> 
     </span>
     <span class='ocr_line' id='line_1_26' title="bbox 211 3653 1472 3754; baseline -0.001 -19"><span class='ocrx_word' id='word_1_250' title='bbox 211 3671 352 3754; x_wconf 86' lang='lat' dir='ltr'>recepta</span> <span class='ocrx_word' id='word_1_251' title='bbox 372 3664 498 3752; x_wconf 76' lang='lat' dir='ltr'>tribus,</span> <span class='ocrx_word' id='word_1_252' title='bbox 510 3663 617 3734; x_wconf 87' lang='lat' dir='ltr'>-ib.</span> <span class='ocrx_word' id='word_1_253' title='bbox 639 3664 700 3734; x_wconf 89' lang='lat'>45.</span> <span class='ocrx_word' id='word_1_254' title='bbox 721 3661 820 3734; x_wconf 87' lang='lat' dir='ltr'>Nune</span> <span class='ocrx_word' id='word_1_255' title='bbox 839 3663 949 3752; x_wconf 90' lang='lat' dir='ltr'>spolia</span> <span class='ocrx_word' id='word_1_256' title='bbox 967 3664 1002 3734; x_wconf 90' lang='lat' dir='ltr'>in</span> <span class='ocrx_word' id='word_1_257' title='bbox 1022 3664 1154 3753; x_wconf 81' lang='lat' dir='ltr'>templo</span> <span class='ocrx_word' id='word_1_258' title='bbox 1170 3664 1241 3735; x_wconf 87' lang='lat' dir='ltr'>tria</span> <span class='ocrx_word' id='word_1_259' title='bbox 1259 3653 1408 3736; x_wconf 86' lang='lat' dir='ltr'>condita.</span> <span class='ocrx_word' id='word_1_260' title='bbox 1420 3703 1472 3719; x_wconf 85' lang='lat'>-··</span> 
     </span>
     <span class='ocr_line' id='line_1_27' title="bbox 211 3787 1470 3877; baseline 0.002 -19"><span class='ocrx_word' id='word_1_261' title='bbox 211 3788 302 3860; x_wconf 91' lang='lat' dir='ltr'>Huic</span> <span class='ocrx_word' id='word_1_262' title='bbox 322 3789 402 3858; x_wconf 90' lang='lat' dir='ltr'>usui</span> <span class='ocrx_word' id='word_1_263' title='bbox 419 3787 584 3860; x_wconf 88' lang='lat' dir='ltr'>finitimus</span> <span class='ocrx_word' id='word_1_264' title='bbox 603 3795 658 3860; x_wconf 90' lang='lat' dir='ltr'>est</span> <span class='ocrx_word' id='word_1_265' title='bbox 681 3787 779 3876; x_wconf 90' lang='lat' dir='ltr'>alter,</span> <span class='ocrx_word' id='word_1_266' title='bbox 803 3807 880 3858; x_wconf 90' lang='lat' dir='ltr'>cum</span> <span class='ocrx_word' id='word_1_267' title='bbox 904 3807 1026 3858; x_wconf 88' lang='lat' dir='ltr'>rursus</span> <span class='ocrx_word' id='word_1_268' title='bbox 1048 3788 1186 3877; x_wconf 91' lang='lat' dir='ltr'>proprie</span> <span class='ocrx_word' id='word_1_269' title='bbox 1209 3788 1337 3860; x_wconf 87' lang='lat' dir='ltr'>dieitur</span> <span class='ocrx_word' id='word_1_270' title='bbox 1356 3795 1470 3860; x_wconf 89' lang='lat' dir='ltr'>terna-</span> 
     </span>
     <span class='ocr_line' id='line_1_28' title="bbox 211 3911 1471 4003; baseline 0 -19"><span class='ocrx_word' id='word_1_271' title='bbox 211 3913 283 3984; x_wconf 91' lang='lat' dir='ltr'>rius</span> <span class='ocrx_word' id='word_1_272' title='bbox 310 3933 491 3994; x_wconf 86' lang='lat' dir='ltr'>numerus,</span> <span class='ocrx_word' id='word_1_273' title='bbox 511 3911 572 3984; x_wconf 88' lang='lat' dir='ltr'>sed</span> <span class='ocrx_word' id='word_1_274' title='bbox 599 3918 784 4003; x_wconf 90' lang='lat' dir='ltr'>propterea</span> <span class='ocrx_word' id='word_1_275' title='bbox 815 3912 906 4002; x_wconf 90' lang='lat' dir='ltr'>quod</span> <span class='ocrx_word' id='word_1_276' title='bbox 934 3932 1032 3984; x_wconf 88' lang='lat' dir='ltr'>sacer</span> <span class='ocrx_word' id='word_1_277' title='bbox 1059 3919 1114 3984; x_wconf 89' lang='lat' dir='ltr'>est</span> <span class='ocrx_word' id='word_1_278' title='bbox 1144 3931 1308 3984; x_wconf 87' lang='lat' dir='ltr'>numerus</span> <span class='ocrx_word' id='word_1_279' title='bbox 1326 3911 1361 3982; x_wconf 93' lang='lat' dir='ltr'>in</span> <span class='ocrx_word' id='word_1_280' title='bbox 1388 3913 1471 3984; x_wconf 86' lang='lat' dir='ltr'>reli·</span> 
     </span>
     <span class='ocr_line' id='line_1_29' title="bbox 210 4037 384 4126; baseline 0 -20"><span class='ocrx_word' id='word_1_281' title='bbox 210 4037 384 4126; x_wconf 84' lang='lat' dir='ltr'>giouibus:</span> 
     </span>
    </p>

    <p class='ocr_par' dir='ltr' id='par_1_4' title="bbox 252 4137 1276 4251">
     <span class='ocr_line' id='line_1_30' title="bbox 252 4137 1276 4251; baseline 0 -19"><span class='ocrx_word' id='word_1_282' title='bbox 252 4137 256 4153; x_wconf 64' lang='grc'>’</span> <span class='ocrx_word' id='word_1_283' title='bbox 289 4161 353 4251; x_wconf 92' lang='grc' dir='ltr'>ΙΙΙ,</span> <span class='ocrx_word' id='word_1_284' title='bbox 378 4163 436 4251; x_wconf 89' lang='grc'>10,</span> <span class='ocrx_word' id='word_1_285' title='bbox 457 4165 492 4232; x_wconf 89' lang='lat'>4.</span> <span class='ocrx_word' id='word_1_286' title='bbox 512 4159 559 4232; x_wconf 88' lang='lat' dir='ltr'>Et</span> <span class='ocrx_word' id='word_1_287' title='bbox 578 4159 735 4230; x_wconf 87' lang='lat' dir='ltr'>manibus</span> <span class='ocrx_word' id='word_1_288' title='bbox 755 4158 886 4232; x_wconf 80' lang='lat' dir='ltr'>faustos</span> <span class='ocrx_word' id='word_1_289' title='bbox 905 4167 960 4232; x_wconf 89' lang='lat' dir='ltr'>ter</span> <span class='ocrx_word' id='word_1_290' title='bbox 979 4179 1144 4250; x_wconf 88' lang='lat' dir='ltr'>crepuere</span> <span class='ocrx_word' id='word_1_291' title='bbox 1162 4181 1276 4233; x_wconf 86' lang='lat' dir='ltr'>sonos.</span> 
     </span>
    </p>
   </div>
   <div class='ocr_carea' id='block_1_4' title="bbox 212 4281 1472 4874">
    <p class='ocr_par' dir='ltr' id='par_1_5' title="bbox 212 4281 1472 4482">
     <span class='ocr_line' id='line_1_31' title="bbox 288 4281 1472 4376; baseline 0.003 -21"><span class='ocrx_word' id='word_1_292' title='bbox 288 4285 351 4375; x_wconf 89' lang='lat' dir='ltr'>IV,</span> <span class='ocrx_word' id='word_1_293' title='bbox 378 4289 417 4374; x_wconf 89' lang='lat'>6,</span> <span class='ocrx_word' id='word_1_294' title='bbox 443 4288 503 4356; x_wconf 84' lang='lat'>30.</span> <span class='ocrx_word' id='word_1_295' title='bbox 528 4304 614 4356; x_wconf 90' lang='lat' dir='ltr'>uova</span> <span class='ocrx_word' id='word_1_296' title='bbox 636 4281 772 4356; x_wconf 87' lang='lat' dir='ltr'>flamma</span> <span class='ocrx_word' id='word_1_297' title='bbox 797 4284 993 4375; x_wconf 85' lang='lat' dir='ltr'>(Apollinis)</span> <span class='ocrx_word' id='word_1_298' title='bbox 1020 4283 1128 4356; x_wconf 89' lang='lat' dir='ltr'>Luxit</span> <span class='ocrx_word' id='word_1_299' title='bbox 1153 4286 1187 4356; x_wconf 90' lang='lat' dir='ltr'>in</span> <span class='ocrx_word' id='word_1_300' title='bbox 1215 4285 1385 4376; x_wconf 90' lang='lat' dir='ltr'>obliquam</span> <span class='ocrx_word' id='word_1_301' title='bbox 1418 4291 1472 4358; x_wconf 88' lang='lat' dir='ltr'>ter</span> 
     </span>
     <span class='ocr_line' id='line_1_32' title="bbox 212 4408 484 4482; baseline -0.015 0"><span class='ocrx_word' id='word_1_302' title='bbox 212 4409 348 4482; x_wconf 89' lang='lat' dir='ltr'>sinuata</span> <span class='ocrx_word' id='word_1_303' title='bbox 365 4408 484 4482; x_wconf 86' lang='lat' dir='ltr'>facem.</span> 
     </span>
    </p>

    <p class='ocr_par' dir='ltr' id='par_1_6' title="bbox 212 4530 1472 4874">
     <span class='ocr_line' id='line_1_33' title="bbox 290 4530 1294 4623; baseline 0.001 -21"><span class='ocrx_word' id='word_1_304' title='bbox 290 4531 343 4604; x_wconf 92' lang='lat' dir='ltr'>Ib.</span> <span class='ocrx_word' id='word_1_305' title='bbox 365 4536 401 4622; x_wconf 86' lang='lat'>8,</span> <span class='ocrx_word' id='word_1_306' title='bbox 421 4535 482 4604; x_wconf 87' lang='lat'>86.</span> <span class='ocrx_word' id='word_1_307' title='bbox 504 4532 641 4620; x_wconf 89' lang='lat' dir='ltr'>Terque</span> <span class='ocrx_word' id='word_1_308' title='bbox 659 4552 772 4602; x_wconf 89' lang='lat' dir='ltr'>meum</span> <span class='ocrx_word' id='word_1_309' title='bbox 791 4532 908 4623; x_wconf 88' lang='lat' dir='ltr'>tetigit</span> <span class='ocrx_word' id='word_1_310' title='bbox 926 4530 1065 4604; x_wconf 88' lang='lat' dir='ltr'>sulfuris</span> <span class='ocrx_word' id='word_1_311' title='bbox 1084 4532 1164 4623; x_wconf 84' lang='lat' dir='ltr'>igue</span> <span class='ocrx_word' id='word_1_312' title='bbox 1182 4539 1294 4622; x_wconf 90' lang='lat' dir='ltr'>caput.</span> 
     </span>
     <span class='ocr_line' id='line_1_34' title="bbox 212 4655 1470 4749; baseline -0.002 -19"><span class='ocrx_word' id='word_1_313' title='bbox 212 4659 251 4730; x_wconf 89' lang='lat' dir='ltr'>In</span> <span class='ocrx_word' id='word_1_314' title='bbox 271 4677 372 4749; x_wconf 93' lang='lat' dir='ltr'>quem</span> <span class='ocrx_word' id='word_1_315' title='bbox 390 4676 571 4729; x_wconf 90' lang='lat' dir='ltr'>numerum</span> <span class='ocrx_word' id='word_1_316' title='bbox 588 4655 765 4728; x_wconf 90' lang='lat' dir='ltr'>retulerim</span> <span class='ocrx_word' id='word_1_317' title='bbox 786 4657 887 4728; x_wconf 88' lang='lat' dir='ltr'>etiarn</span> <span class='ocrx_word' id='word_1_318' title='bbox 907 4656 970 4747; x_wconf 90' lang='lat' dir='ltr'>III,</span> <span class='ocrx_word' id='word_1_319' title='bbox 990 4661 1022 4747; x_wconf 95' lang='grc'>1,</span> <span class='ocrx_word' id='word_1_320' title='bbox 1049 4658 1110 4728; x_wconf 77' lang='grc'>28.</span> <span class='ocrx_word' id='word_1_321' title='bbox 1129 4655 1282 4727; x_wconf 89' lang='lat' dir='ltr'>Hectora</span> <span class='ocrx_word' id='word_1_322' title='bbox 1301 4678 1362 4748; x_wconf 90' lang='lat' dir='ltr'>per</span> <span class='ocrx_word' id='word_1_323' title='bbox 1380 4677 1470 4730; x_wconf 85' lang='lat' dir='ltr'>cam·</span> 
     </span>
     <span class='ocr_line' id='line_1_35' title="bbox 213 4782 1472 4874; baseline -0.001 -18"><span class='ocrx_word' id='word_1_324' title='bbox 213 4803 276 4874; x_wconf 91' lang='lat' dir='ltr'>pos</span> <span class='ocrx_word' id='word_1_325' title='bbox 295 4787 349 4856; x_wconf 89' lang='lat' dir='ltr'>ter</span> <span class='ocrx_word' id='word_1_326' title='bbox 371 4782 560 4854; x_wconf 87' lang='lat' dir='ltr'>maculasse</span> <span class='ocrx_word' id='word_1_327' title='bbox 584 4787 678 4854; x_wconf 85' lang='lat' dir='ltr'>rotas</span> <span class='ocrx_word' id='word_1_328' title='bbox 697 4821 747 4836; x_wconf 93' lang='lat'>·-</span> <span class='ocrx_word' id='word_1_329' title='bbox 762 4782 791 4856; x_wconf 94' lang='lat' dir='ltr'>si</span> <span class='ocrx_word' id='word_1_330' title='bbox 808 4782 947 4874; x_wconf 91' lang='lat' dir='ltr'>quidem</span> <span class='ocrx_word' id='word_1_331' title='bbox 966 4801 1007 4854; x_wconf 88' lang='lat' dir='ltr'>ea</span> <span class='ocrx_word' id='word_1_332' title='bbox 1025 4803 1063 4854; x_wconf 92' lang='lat' dir='ltr'>re</span> <span class='ocrx_word' id='word_1_333' title='bbox 1086 4785 1260 4873; x_wconf 87' lang='lat' dir='ltr'>tamquam</span> <span class='ocrx_word' id='word_1_334' title='bbox 1282 4783 1472 4874; x_wconf 86' lang='lat' dir='ltr'>parentalia</span> 
     </span>
    </p>
   </div>
   <div class='ocr_carea' id='block_1_5' title="bbox 0 0 1815 5594">
    <p class='ocr_par' dir='ltr' id='par_1_7' title="bbox 0 0 1815 5594">
     <span class='ocr_line' id='line_1_36' title="bbox 0 0 1815 5594; baseline 0 0"><span class='ocrx_word' id='word_1_335' title='bbox 0 0 1815 5594; x_wconf 95' lang='lat' dir='ltr'> </span> 
     </span>
    </p>
   </div>
  </div>
 </body>
</html>
