3600 5594
298 1468 462 1540 Multisne
481 1467 633 1539 futurum
654 1470 699 1539 sit
718 1475 757 1540 ut
776 1489 898 1559 operae
922 1469 1072 1559 pretium
1090 1469 1210 1540 videar
1228 1467 1365 1558 fecisse,
1390 1439 1480 1556 quod

219 1600 379 1682 quartum
398 1593 570 1682 Propertii
595 1593 724 1664 librum
742 1595 786 1664 ab
808 1595 863 1684 iis,
888 1593 947 1684 qui
975 1594 1199 1683 disiungendo
1223 1593 1481 1682 transponendo

219 1719 369 1790 tollendo
390 1719 443 1790 bis
462 1719 677 1807 temporibus
696 1739 774 1790 eum
787 1719 1051 1808 perturbarunt,
1067 1718 1258 1789 studuerim
1282 1716 1480 1809 defendere,

220 1865 281 1914 nee
301 1846 384 1915 satis
403 1845 472 1915 seio
500 1863 621 1935 neque,
651 1851 691 1914 ut
721 1845 832 1915 dinam
857 1844 950 1933 quod
978 1843 1102 1934 sentio,
1133 1843 1355 1914 vehementer
1383 1861 1479 1913 euro.

219 1967 359 2040 illorum
380 1970 517 2058 quidem
538 1977 632 2040 certe
652 1969 723 2040 seio
743 1989 797 2039 roe
818 1990 884 2039 non
903 1969 1092 2040 vitaturum
1113 1967 1412 2058 reprehensiones,
1425 1965 1484 2053 qui

220 2092 443 2182 Propertium
461 2095 645 2164 emendare
660 2100 698 2164 ut
713 2100 838 2182 putant
851 2115 954 2184 quam
969 2092 1022 2164 vel
1039 2093 1232 2192 intelligere
1242 2091 1299 2162 vel
1309 2090 1482 2180 explicare

220 2238 273 2306 ac,
285 2217 406 2306 siquid
426 2237 491 2288 non
503 2219 714 2289 statimsatis
733 2219 944 2308 intelligunt,
956 2238 1021 2288 non
1040 2223 1110 2288 tarn
1129 2223 1168 2288 ut
1184 2217 1380 2305 intelligant
1398 2215 1482 2285 eniti

220 2363 319 2431 quarn
343 2341 597 2412 ‹circumcidere
625 2348 661 2413 et
688 2344 897 2432 detorquere
920 2343 1063 2413 malunt.
1106 2341 1158 2413 Ae
1185 2340 1308 2411 melius
1336 2339 1482 2438 fortasse
1545 2371 1548 2378 ¹

221 2475 298 2538 erat
318 2488 404 2558 quae
424 2467 480 2537 hie
501 2473 636 2538 tentata
655 2475 770 2539 essent
789 2468 928 2540 silentio
947 2468 1153 2558 praeterire,
1175 2473 1214 2537 ut
1231 2466 1267 2536 in
1281 2466 1358 2536 aliis
1373 2467 1480 2555 serip-

218 2591 352 2662 toribus
386 2593 493 2662 rnulta
531 2593 718 2663 multorum
742 2593 867 2664 similia
900 2599 1024 2664 conata
1052 2592 1178 2664 merito
1202 2596 1482 2679 contemnuntur,

219 2718 287 2787 nisi
304 2717 508 2820 Propertius
525 2725 560 2788 et
581 2699 682 2790 unitis
697 2721 811 2810 magni
826 2719 975 2790 nominis
989 2719 1194 2790 auctoritate
1210 2725 1247 2786 et
1260 2717 1482 2787 multitudine

220 2848 255 2912 et
274 2844 371 2932 quasi
390 2841 539 2914 factione
559 2846 820 2916 emendatorum
831 2866 919 2936 quos
936 2865 972 2914 se
991 2845 1057 2934 ipsi
1075 2844 1195 2914 volunt
1214 2863 1289 2913 esse
1307 2863 1482 2934 premere-

197 2972 286 3036 tur.
308 2965 493 3056 Postquam
514 2968 603 3038 enirn
629 2989 718 3039 anno
738 2971 840 3040 huius
859 2969 985 3039 saeculi
1009 2973 1105 3039 sexto
1131 2968 1265 3039 decimo
1289 2967 1481 3038 Lachman-

220 3113 297 3179 nus,
315 3093 461 3163 abiectis
484 3096 538 3182 iis,
565 3117 653 3184 quae
674 3095 832 3186 Scaliger
852 3097 932 3168 olim
952 3103 1152 3186 novaverat,
1174 3101 1211 3167 et
1229 3096 1264 3165 in
1282 3095 1400 3165 multis
1421 3115 1483 3185 op-

219 3216 302 3285 time
323 3216 364 3286 de
384 3217 568 3307 Propertio
589 3225 643 3289 est
669 3221 815 3290 meritus
848 3227 884 3290 et
902 3227 1019 3290 tarnen
1049 3221 1116 3290 alia
1134 3220 1308 3290 immerito
1327 3219 1401 3308 ipse
1419 3239 1481 3288 no·

220 3342 326 3411 ravit:
348 3363 413 3412 non
433 3327 579 3433 tanturn,
601 3365 687 3434 quae
717 3344 775 3413 ille
806 3343 1030 3434 excogitaret,
1056 3365 1077 3414 a
1099 3343 1259 3434 plurimis
1288 3342 1481 3414 editoribus

219 3474 358 3554 praeter
377 3467 647 3557 Hertzbergiurn
667 3474 805 3540 servata
838 3474 929 3559 sunt,
954 3489 1074 3540 verum
1104 3489 1183 3540 mox
1206 3468 1273 3539 alia
1297 3467 1400 3538 etiam
1419 3488 1480 3538 no-

220 3590 369 3661 vantium
391 3599 488 3664 tanta
506 3601 626 3665 exorta
645 3601 697 3665 est
714 3593 960 3686 multitudo,ut
973 3595 1041 3666 iarn
1055 3593 1293 3666 difficillimum
1304 3594 1350 3666 sit
1364 3611 1481 3664 omnes

220 3717 369 3786 omnium
391 3719 605 3808 suspiciones
624 3739 839 3809 percensere.
856 3719 931 3790 Nos
944 3741 1035 3790 nune
1054 3727 1090 3791 et
1106 3721 1167 3797 illa
1184 3721 1373 3808 mittemus,
1393 3737 1481 3806 quae

218 3843 251 3910 id
273 3842 418 3930 singulis
436 3844 613 3916 vocabulis
632 3849 764 3942 mutata
783 3849 876 3936 sunt,
894 3845 953 3915 ubi
982 3865 1048 3915 non
1069 3863 1181 3937 panea
1199 3842 1347 3916 feliciter
1366 3863 1480 3914 ernen-

220 3966 298 4036 data
316 3975 388 4038 non‘
403 3987 579 4057 negamur,
600 3976 636 4038 et
654 3971 683 4040 si
702 3989 791 4060 quae
809 3970 968 4060 graviora
986 3971 1022 4040 in
1041 3969 1279 4060 superioribus
1295 3967 1395 4040 libris
1404 3972 1480 4037 ten-

219 4100 291 4165 tata
310 4102 409 4164 sunt:
431 4092 551 4163 ultimo
579 4113 641 4164 nos
668 4094 774 4185 libro,
799 4097 859 4185 qui
882 4095 948 4167 hoo
971 4101 1130 4185 tempore
1155 4095 1301 4166 maxime
1330 4091 1480 4163 omniurn

220 4225 274 4289 est
291 4227 434 4293 vexatus
454 4227 489 4290 et
508 4220 590 4290 totis
609 4218 767 4290 versibus
787 4226 847 4290 aut
867 4221 1012 4293 sublatis
1032 4226 1092 4292 aut
1105 4219 1328 4310 transpositis
1342 4217 1479 4306 elegiis·

220 4363 286 4432 que
304 4344 484 4416 disiunctis
504 4344 766 4416 continebimus.

300 4469 389 4540 Nam
409 4490 496 4540 anno
516 4470 619 4541 huius
653 4470 782 4542 saeculi
806 4470 1018 4560 sexagesimo
1042 4471 1150 4544 tertio
1173 4465 1429 4542 Heimreiohins
1448 4465 1483 4534 in

220 4593 484 4683 eraestionibns
515 4594 755 4684 Propertianis
783 4594 937 4688 (Bonnae
967 4597 1096 4682 1863.)
1123 4601 1265 4685 praeter
1288 4591 1355 4664 alia
1378 4589 1480 4662 etiam

181 4764 183 4768 .
219 4709 321 4790 buius
339 4716 419 4789 libri
438 4719 582 4808 elegiam
603 4720 741 4792 tertiam
762 4720 893 4810 attigit3
914 4739 1003 4792 anno
1022 4720 1236 4812 sexagesimo
1251 4721 1375 4810 quarto
1390 4715 1479 4785 Boo-

217 4843 286 4914 tius
305 4843 483 4935 (Bydrage
502 4850 538 4913 to
562 4845 605 4915 de
624 4845 734 4916 kritilr
753 4865 793 4916 en
812 4845 1013 4936 verklaring
1032 4867 1098 4917 van
1117 4843 1336 4935 Propertiu’s
1352 4841 1480 4912 laatste

1270 4983 1283 5033 1
