3600 5594
850 458 1055 526 ...40-

432 667 585 758 Ossaque
604 667 718 756 legisti
735 687 804 737 non
822 665 882 736 illa
900 671 1014 736 aetate
1032 663 1178 752 legenda

484 791 601 861 Patris
618 830 667 842 —

326 1004 407 1092 quia
425 1003 497 1074 illic
513 1025 580 1072 non
599 1002 782 1090 sepultum,
808 1003 864 1072 hic
888 1001 1061 1090 sepultum
1085 1021 1158 1070 esse
1183 1020 1259 1070 eum
1285 998 1343 1086 qui
1367 1002 1522 1068 mortuus
1540 999 1587 1088 sit

326 1127 530 1198 declaratur.
557 1126 605 1197 Ut
623 1127 713 1195 enim
740 1125 806 1195 hoc
835 1124 1071 1213 concedamus,
1091 1143 1169 1196 ossa
1196 1123 1312 1234 legere
1342 1122 1488 1192 alicuius
1507 1141 1584 1192 eum

326 1251 383 1338 qui
403 1270 504 1338 quem
521 1256 631 1318 morte
650 1248 805 1318 amiserit
824 1268 923 1336 posse
942 1248 1022 1336 dici,
1042 1251 1082 1316 ut
1095 1246 1217 1315 mortis
1234 1244 1343 1333 magis
1358 1263 1460 1333 quam
1475 1241 1586 1331 sepul-

201 1450 204 1464 ,
324 1379 425 1442 turae
444 1372 613 1441 habeatur
631 1373 734 1458 ratio,
758 1378 793 1441 at
818 1373 876 1460 qui
905 1370 1059 1458 sepultus
1083 1391 1150 1440 non
1177 1376 1242 1459 est,
1275 1369 1348 1438 eius
1372 1373 1467 1436 certe
1486 1385 1585 1434 nemo

326 1493 394 1565 dici
417 1497 546 1585 poterit
574 1517 651 1566 ossa
673 1496 812 1585 legisse,
842 1496 1046 1584 praesertim
1070 1515 1090 1563 a
1114 1499 1203 1583 vate,
1229 1493 1287 1580 qui
1316 1490 1346 1561 si
1368 1489 1432 1560 hoc
1456 1490 1587 1560 diceret

325 1619 401 1709 ipse
421 1619 486 1689 sibi
506 1641 545 1690 eo
565 1641 697 1692 omnem
716 1619 818 1690 fidem
851 1619 1030 1690 adimeret.
1069 1615 1145 1690 Nec
1168 1618 1305 1707 gravius
1329 1622 1393 1703 est,
1418 1613 1508 1703 quod
1527 1633 1587 1684 ne·

325 1749 384 1831 gat
402 1743 525 1815 cadere
545 1745 579 1813 in
597 1744 817 1833 Propertium
838 1765 925 1833 quae
944 1745 1103 1815 dicantur
1121 1764 1188 1814 vss.
1213 1746 1285 1814 128
1304 1781 1350 1794 -·
1372 1745 1457 1812 131.

670 1965 705 2024 et
722 1956 756 2024 in
776 1962 897 2026 tenues
917 1954 1051 2044 cogeris
1069 1955 1142 2042 ipse
1162 1953 1281 2028 Lares,

432 2073 520 2145 Nam
538 2085 597 2146 tua
615 2097 694 2147 cum
713 2078 812 2149 multi
831 2084 1010 2148 versarent
1028 2097 1110 2146 rura
1126 2076 1275 2163 iuvenci,

483 2198 639 2271 Abstulit
658 2199 811 2271 excultas
831 2200 965 2288 pertica
984 2201 1095 2270 tristis
1115 2219 1197 2287 opes
1220 2239 1262 2250 -

329 2410 409 2498 quia
428 2411 485 2480 ille
503 2433 565 2482 nec
589 2418 758 2501 queratur
783 2433 928 2502 usquam
956 2414 997 2482 de
1026 2413 1160 2482 iactura
1188 2412 1355 2482 bonorum
1384 2419 1420 2481 et
1445 2431 1589 2500 parvam

327 2534 393 2604 sibi
412 2532 581 2605 fortunam
602 2537 758 2606 relictam
780 2557 855 2607 esse
875 2535 1081 2606 testificetur
1099 2535 1145 2624 II,
1169 2539 1229 2622 34,
1256 2537 1314 2603 55.
1337 2556 1366 2604 s.

434 2730 560 2818 Aspice
579 2750 634 2798 me
654 2731 707 2800 cui
729 2750 836 2815 parva
857 2729 946 2798 domi
966 2728 1104 2799 fortuna
1123 2729 1244 2798 relicta
1264 2738 1314 2797 cst

485 2851 610 2920 Nullus
629 2861 666 2921 et
683 2853 824 2940 antiquo
844 2852 959 2922 Marte
980 2852 1175 2942 triumphus
1195 2851 1259 2921 avi.

329 3064 425 3154 Quae
450 3084 551 3153 quom
580 3065 664 3134 nibil
693 3065 829 3135 valeant
857 3063 957 3135 facile
987 3075 1131 3154 apparet
1160 3065 1190 3134 si
1218 3063 1393 3134 Tibullum
1417 3063 1587 3154 conferas,

227 3169 228 3172 ¹
327 3189 388 3279 qui
406 3189 489 3259 item
517 3188 760 3277 patrimonium
784 3190 1035 3278 proscriptione
1060 3191 1276 3260 imminutum
1301 3210 1368 3257 una
1390 3194 1524 3258 tanturn
1552 3190 1588 3260 in

329 3312 439 3400 elegia
459 3315 636 3400 queritur:

328 3525 357 3612 I,
383 3529 414 3613 l,
440 3528 495 3595 19.
518 3525 591 3594 Vos
611 3544 745 3612 quoque
765 3523 876 3595 felicis
897 3518 1066 3612 quondam
1086 3543 1173 3592 nunc
1192 3525 1357 3613 pauperis
1376 3529 1451 3614 agri

575 3645 743 3718 Custodes
762 3647 860 3719 sertis
879 3667 1021 3717 munera
1041 3654 1156 3715 vestra
1174 3646 1292 3717 Lares.

518 3771 611 3840 Tunc
630 3770 739 3840 vitula
756 3771 951 3840 innumeros
969 3768 1140 3838 lustrabat
1158 3789 1260 3840 caesa
1278 3770 1461 3844 iuvencos:

574 3894 673 3964 Nunc
694 3915 781 3984 agna
800 3894 914 3982 exigui
936 3899 990 3961 est
1008 3892 1123 3962 hostia
1141 3913 1248 3982 parva
1268 3895 1340 3964 soli.

368 4053 414 4123 ib.
437 4057 497 4124 41.
518 4053 596 4123 Non
615 4073 678 4142 ego
698 4052 836 4122 divitias
854 4059 989 4139 patrum
1008 4049 1206 4141 fructusque
1225 4055 1376 4143 requiro,

574 4175 665 4265 Quos
684 4176 767 4246 tulit
784 4175 925 4263 antiquo
946 4177 1083 4247 condita
1102 4180 1222 4247 messis
1242 4199 1304 4248 avo
1320 4217 1369 4228 -

329 4389 484 4478 quamvis
504 4394 619 4460 autem
643 4389 726 4459 illud
747 4395 840 4458 esset
862 4389 1042 4478 minutum,
1072 4394 1204 4458 tantum
1228 4398 1343 4458 tamen
1370 4391 1528 4480 retinuit,
1549 4396 1588 4461 ut

328 4513 455 4602 etipse
474 4533 510 4583 se
531 4514 615 4583 satis
638 4513 766 4584 babere
794 4513 829 4583 in
849 4511 1056 4583 carminibus
1083 4513 1153 4582 suis
1178 4511 1394 4602 testificetur,
1420 4519 1456 4584 et
1473 4515 1586 4585 Hora·

328 4636 397 4707 tius
417 4636 528 4725 Epist.
549 4637 577 4726 I,
598 4641 633 4726 4,
659 4640 717 4708 ll.
742 4638 906 4708 mundum
933 4638 1056 4706 victum
1082 4657 1150 4705 non
1173 4635 1352 4707 deficiente
1374 4657 1536 4709 crumena
1555 4639 1587 4709 ei

327 4760 469 4832 tribuat.
490 4758 581 4848 Quot
599 4767 712 4832 nutem
732 4761 889 4832 homiues
913 4760 970 4830 illo
994 4768 1147 4848 tempore
1171 4748 1333 4850 agrorum
1361 4760 1586 4834 divisionibus
