3600 5594
734 505 938 572 -63-

312 707 445 797 Quippe
465 719 511 798 et,
534 709 686 782 Collinas
706 712 749 782 ad
769 710 895 784 lessam
914 680 1061 784 moverit
1080 714 1216 803 herbas,

364 833 495 904 Stantia
514 837 668 906 currenti
688 835 901 906 diluerentur
919 857 1027 927 aqna;
1048 877 1100 890 --

207 1103 308 1170 quam
339 1082 382 1152 ad
412 1083 619 1172 opinionem,
641 1096 680 1155 ut
703 1085 800 1156 brevi
826 1087 1045 1178 complectar,
1071 1087 1125 1156 bis
1148 1068 1339 1160 rationibus
1358 1090 1466 1160 addu-

206 1207 305 1277 citur.
331 1206 485 1277 Primum
511 1209 609 1278 velit
631 1211 855 1297 -poterit
877 1209 963 1282 falso
988 1211 1057 1281 dici
1081 1212 1130 1281 ait
1152 1213 1193 1282 de
1217 1220 1355 1284 mortua
1377 1214 1465 1284 lena.

206 1331 338 1400 Deinde
357 1331 470 1418 inepte
490 1333 640 1421 positum
660 1335 823 1424 quippe,
849 1355 915 1423 qna
939 1335 1069 1406 causali
1087 1335 1257 1424 particule
1276 1337 1465 1425 scriptores

206 1457 402 1526 uberiorem
423 1477 540 1526 eornrn
561 1478 648 1546 quae
667 1458 761 1528 diota
781 1459 850 1528 siut
869 1451 1117 1548 expositionem
1138 1461 1270 1531 soleant
1287 1461 1463 1533 iuducere.

207 1585 293 1654 Tum
313 1605 434 1672 parum
453 1586 674 1676 perspicuum
695 1607 769 1656 esse
794 1607 857 1655 eur
881 1587 1008 1657 herbae
1031 1589 1076 1657 ad
1098 1585 1223 1658 fossam
1244 1597 1464 1672 moveantur;

206 1731 284 1778 nam
309 1709 451 1779 scrobes
476 1709 575 1778 effodi
599 1731 619 1778 a
642 1709 763 1798 magis,
793 1716 832 1778 nt
849 1711 1069 1780 'victimarum
1093 1713 1230 1799 sanguis
1253 1710 1463 1783 infundatur.

206 1815 290 1903 Item
312 1835 462 1902 stantia
481 1833 708 1920 explicatione
728 1854 862 1920 carere3
892 1855 970 1904 nam
989 1855 1051 1904 neo
1071 1835 1183 1926 rigida
1202 1857 1288 1924 quae
1308 1837 1377 1906 sint
1396 1836 1464 1907 dici
1518 1810 1520 1814 ⁵

204 1959 339 2041 stantia,
360 1957 424 2026 nisi
445 1956 562 2026 addito
581 1956 695 2045 gelu3
716 1978 779 2028 nec
800 1978 887 2046 quae
903 1966 1152 2046 superterram
1168 1960 1380 2047 promineant
1400 1961 1464 2030 etsi

203 2083 337 2169 possint
356 2081 421 2150 dici
441 2083 623 2152 convenire
642 2082 675 2150 in
697 2087 924 2152 currentem
945 2101 1100 2184 aquam,
1122 2085 1174 2154 cui
1192 2083 1300 2153 solida
1314 2105 1380 2154 nou
1395 2085 1466 2154 alta

204 2206 404 2295 opponenda
420 2206 500 2291 sint,
516 2226 578 2274 neo
598 2203 709 2292 firma,
726 2227 813 2294 quae
832 2207 915 2276 item
936 2213 1044 2276 stare
1065 2217 1156 2276 recte
1176 2207 1347 2294 dieantur,
1368 2217 1464 2279 recte

204 2332 321 2400 eadem
348 2330 415 2399 diei
445 2329 561 2416 dilui,
588 2327 679 2416 quod
707 2328 848 2400 verbum
877 2331 987 2419 magis
1015 2333 1049 2401 in
1077 2351 1134 2400 eas
1157 2351 1213 2400 res
1237 2332 1348 2414 cadat,
1378 2353 1464 2421 quae

204 2456 278 2541 ipsa
299 2455 447 2524 materia
471 2456 563 2524 inter
585 2474 621 2522 se
646 2453 875 2540 cohaereant3
905 2475 1015 2543 neque
1038 2455 1122 2524 illud
1146 2476 1222 2525 esse
1247 2456 1462 2546 miraculum,

203 2579 291 2665 quod
309 2579 365 2648 hie
384 2577 643 2648 memorandum
663 2576 781 2665 luerit,
806 2578 835 2648 si
859 2599 946 2667 quae
971 2584 1065 2648 stent
1082 2599 1171 2667 aqua
1190 2579 1376 2650 diluantur.
1398 2583 1462 2650 At·

202 2725 267 2792 que
286 2700 376 2772 idem
397 2702 508 2791 aliqua
534 2723 575 2770 ex
600 2710 697 2789 parte
721 2702 763 2771 ad
784 2723 834 2771 vs.
860 2707 918 2771 10.
943 2703 1068 2772 valere.
1093 2702 1273 2773 Postremo
1298 2723 1385 2789 quae
1410 2705 1463 2774 his

202 2826 359 2897 versibus
391 2833 623 2896 memorentur
656 2845 696 2896 ea
730 2825 772 2896 ad
800 2827 969 2898 amatoria
1001 2825 1148 2898 artificia
1178 2847 1245 2896 non
1277 2828 1462 2916 pertinere.

204 2948 293 3035 Quas
321 2952 470 3021 rationes
498 2959 537 3020 ut
567 2950 684 3020 ordine
713 2971 975 3040 persequamur,
1006 2953 1069 3022 etsi
1098 2973 1158 3040 pro
1187 2952 1463 3043 velit-poterit

203 3075 363 3144 usitatius
390 3074 534 3144 dixisset
552 3073 776 3162 Propertius:
806 3075 1107 3162 vellet-posset,
1138 3077 1213 3164 quis
1240 3083 1355 3146 tamen
1383 3097 1461 3165 poe·

200 3205 270 3267 tam
291 3199 434 3268 miretur
454 3197 494 3267 de
513 3197 569 3283 iis,
591 3197 648 3286 qui
668 3195 808 3286 suerint,
833 3205 994 3286 tanquam
1022 3199 1092 3268 sint
1110 3198 1213 3288 loqui,
1239 3219 1316 3266 cum
1336 3198 1399 3268 hoc
1419 3221 1461 3269 ne

201 3321 350 3392 asoluta
372 3322 508 3410 quidem
529 3321 684 3391 oratione
703 3321 803 3410 plane
823 3321 971 3390 alienum
991 3321 1062 3391 sit?
1082 3321 1153 3392 Nec
1174 3322 1281 3391 solum
1296 3341 1461 3409 praesens

200 3446 403 3518 historicum
415 3448 504 3536 quod
516 3449 550 3516 in
560 3445 734 3517 narrando
746 3445 875 3515 dicitur
888 3454 947 3516 aut
963 3437 1180 3538 ἀποστροφὴν
1194 3445 1351 3535 dicimus
1363 3447 1461 3518 cuius

199 3571 352 3660 exempla
382 3577 462 3640 sunt
489 3569 785 3660 frequentissima:
816 3569 998 3640 admodum
1029 3569 1187 3639 similiter
1214 3572 1286 3657 ipse
1309 3569 1443 3658 Proper

200 3695 268 3764 tius
286 3695 330 3784 II,
359 3702 387 3783 l,
416 3697 475 3765 39.
501 3693 566 3764 Sed
590 3716 712 3784 neque,
737 3694 860 3783 inquit,
884 3693 1094 3782 Phlegraeos
1116 3694 1210 3764 Iovis
1228 3693 1460 3781 Enceladique

200 3820 367 3889 tumultus
386 3819 525 3888 intonet
546 3826 689 3908 angusto
713 3828 856 3908 pectore
878 3816 1121 3904 Callimachus,
1142 3817 1276 3886 -etsi
1298 3837 1373 3886 curn
1395 3817 1460 3886 hoc

199 3945 364 4030 scriptum
389 3949 443 4012 est
462 3941 690 4013 Callimachus
715 3964 782 4012 non
805 3943 915 4012 minus
940 3962 1039 4032 quam
1063 3940 1147 4010 haec
1170 3939 1247 4009 lena
1272 3947 1349 4010 erat
1372 3961 1461 4009 mor-

197 4071 288 4135 tuus.
309 4065 374 4136 Hic
393 4087 476 4136 vero
495 4086 659 4153 praesens
687 4075 721 4136 et
749 4065 902 4138 futurum
926 4086 968 4135 eo
992 4065 1104 4134 minus
1129 4063 1366 4135 admirationis
1386 4084 1458 4133 mo-

198 4199 288 4279 vent,
310 4191 482 4279 quodiam
497 4191 607 4260 altero
627 4209 728 4260 versu
749 4190 792 4259 ad
811 4189 923 4260 lenam
945 4189 1043 4278 quasi
1062 4189 1155 4258 vivat
1170 4188 1317 4258 dicitur:
1338 4187 1386 4256 Et
1400 4193 1460 4256 tua

198 4315 301 4401 quod
327 4336 403 4384 uon
431 4316 491 4384 vis
521 4315 650 4384 sentiat
672 4314 793 4383 umbra
821 4314 924 4382 sitim.
952 4313 1039 4383 Nam
1065 4315 1094 4384 si
1120 4333 1238 4382 verum
1263 4310 1458 4399 quaerimus

197 4438 273 4525 ipsa
293 4440 361 4508 iarn
389 4459 454 4510 non
483 4445 619 4526 poterat
642 4437 740 4527 velle,
764 4437 886 4508 umbra
909 4442 1058 4524 poterat.
1084 4436 1207 4524 Neque
1231 4435 1346 4504 obstat
1371 4433 1459 4504 illud

197 4567 377 4650 cogeret,
398 4563 487 4650 qnod
505 4569 558 4632 est
575 4563 610 4632 in
631 4583 680 4633 vs.
702 4565 736 4632 8.
754 4561 965 4654 (Penelopen
983 4581 1118 4649 quoque
1138 4559 1296 4648 neglecto
1316 4578 1457 4628 rumore

196 4687 311 4756 mariti
325 4684 466 4756 Nubere
485 4685 615 4758 lascivo
633 4692 773 4774 cogeret
791 4685 985 4771 Antinoo.);
1009 4685 1080 4754 illic
1099 4684 1188 4754 enim
1207 4682 1249 4753 de
1268 4683 1456 4772 praeterito

195 4817 363 4898 tempore,
392 4808 448 4880 bie
472 4809 514 4878 de
542 4809 716 4899 praesenti
744 4808 880 4880 dicitur.
910 4807 1081 4900 Deinceps
1110 4808 1258 4897 quippe
1287 4805 1456 4896 particula
