3600 5594
849 422 1056 491 ..g-

317 637 421 719 atque
449 634 484 700 et
510 627 681 719 perfidum
713 633 900 701 amatorem
933 635 1031 717 petas
1064 632 1141 719 (23.
1172 621 1248 719 24.)
1281 638 1316 702 et
1344 653 1452 702 meam
1481 631 1579 703 fidem

317 753 471 844 negligas
500 753 562 844 (25
583 791 634 804 -
656 755 729 840 28),
759 759 795 824 et
827 753 857 824 si
886 753 1042 825 abessem
1069 755 1227 844 turpiora
1255 755 1359 826 etiam
1393 757 1580 829 committe

318 899 373 952 res
387 880 463 970 (29.
486 876 559 968 30).
581 877 638 950 Sic
658 878 739 949 dum
756 877 790 950 io
810 877 954 967 perfidia
973 879 1103 950 amicae
1128 885 1299 969 versatur,
1319 881 1449 970 proprii
1468 881 1584 959 damni

318 1003 432 1075 dolore
457 1002 625 1074 imbutum
649 1023 725 1072 esse
748 1008 904 1092 apparet,
934 1003 992 1092 qui
1021 1003 1159 1093 quidem
1187 1004 1352 1076 increscit
1378 1003 1489 1095 dolor,
1516 1027 1581 1096 quo

319 1129 425 1217 magis
458 1128 554 1198 illam
595 1126 711 1198 verbis
743 1126 948 1218 amplificat,
993 1148 1071 1200 mox
1101 1133 1217 1217 autem
1248 1129 1283 1200 in
1316 1129 1582 1219 indignationem

317 1253 454 1342 transit,
474 1252 532 1323 ubi
551 1253 613 1342 (35
634 1291 685 1302 --
706 1251 769 1342 36)
789 1251 931 1322 eandem
949 1251 992 1322 ab
1013 1253 1104 1324 omni
1123 1274 1206 1324 sexu
1224 1254 1384 1324 muliebri
1402 1254 1581 1344 perfidiam

317 1377 486 1450 committi
505 1377 616 1448 animo
634 1376 810 1466 proponit3
831 1374 922 1446 unde
942 1397 1018 1448 oum
1041 1377 1085 1448 ad
1102 1398 1199 1448 suam
1218 1377 1445 1450 calamitatem
1463 1400 1581 1450 rever-

317 1505 404 1576 titur
423 1503 485 1592 (37
509 1541 554 1552 -
577 1500 654 1591 40),
674 1507 710 1571 et
728 1501 851 1572 cedere
871 1499 1029 1572 fortunae
1053 1503 1232 1574 constituit
1258 1509 1293 1574 et
1315 1503 1349 1573 in
1373 1505 1499 1575 iustam
1526 1503 1582 1575 de-

318 1627 549 1718 sperationem
582 1624 770 1696 descendit.
801 1624 870 1696 Sed
899 1625 934 1695 in
962 1626 1027 1697 hac
1061 1626 1298 1716 desperatione
1329 1633 1490 1718 tanquam
1521 1651 1583 1701 sua

318 1775 355 1826 se
376 1753 504 1824 virtute
523 1750 667 1822 involvit
685 1756 720 1822 et
739 1769 806 1822 non
826 1751 898 1822 sine
917 1752 1010 1823 tristi
1030 1752 1176 1840 quadam
1196 1754 1371 1843 voluptate
1391 1753 1425 1823 in
1444 1753 1582 1825 suafide

318 1899 419 1969 quam
429 1883 464 1946 et
473 1875 622 1948 servarit
632 1881 668 1947 et
677 1876 723 1946 sit
734 1881 935 1947 servaturus
951 1877 1589 1971 contemplandaversaturum-46),

319 2024 387 2095 qua
407 1999 617 2090 cogitatione
636 2000 764 2088 ipsese
785 1999 1037 2088 aliquantulum
1060 2003 1253 2074 consolatus
1268 2002 1406 2074 ultionis
1423 2003 1582 2072 acerbam

317 2123 526 2213 voluptatem
545 2124 659 2196 animo
678 2122 860 2214 praecipit,
881 2143 959 2193 cum
977 2124 1073 2213 prius
1096 2127 1314 2215 tranquillior
1336 2127 1469 2198 aemulo
1489 2126 1581 2197 sobi-

317 2256 387 2321 tam
404 2256 553 2320 mortem
573 2253 681 2338 optat,
702 2246 826 2318 deinde
845 2249 976 2319 maiore
996 2251 1075 2322 odio
1095 2252 1256 2324 incensus
1271 2254 1345 2324 eius
1359 2259 1506 2324 mortem
1521 2273 1582 2323 sua
1604 2336 1606 2345 Ι

318 2395 355 2446 se
369 2379 479 2446 morte
494 2375 641 2446 libenter
654 2374 915 2462 redempturum
928 2373 1083 2446 declarat
1096 2376 1158 2466 (47
1173 2415 1220 2430 -
1235 2375 1307 2465 52).
1326 2375 1420 2446 Haeo
1436 2377 1581 2447 maxime

318 2502 431 2574 omnia
449 2509 531 2592 apta
548 2503 640 2573 inter
661 2522 698 2572 se
718 2508 753 2572 et
776 2520 928 2572 connexa
946 2521 1021 2574 esse
1046 2508 1082 2572 et
1099 2523 1162 2591 per
1181 2523 1217 2574 se
1237 2507 1290 2574 est
1307 2503 1528 2593 perspicuum
1546 2511 1583 2575 et

318 2629 465 2700 aliorum
493 2627 682 2698 carminum
711 2626 934 2697 similitudine
960 2624 1061 2697 facile
1094 2627 1323 2698 demonstrari
1354 2635 1477 2718 potest.
1513 2627 1581 2699 Sed

318 2752 486 2824 mittimus
510 2754 638 2839 cetera,
663 2750 705 2820 de
729 2749 855 2838 quibus
883 2769 983 2821 nemo
1007 2750 1193 2822 dubitavit:
1219 2758 1255 2822 at
1279 2772 1381 2842 quam
1404 2758 1483 2841 apte
1501 2774 1580 2824 ver-

317 2899 375 2950 sus
394 2881 456 2947 41.
476 2876 674 2965 superiores
692 2877 844 2965 excipiat
861 2877 926 2948 hoc
947 2882 999 2948 ost
1011 2878 1228 2968 ,gravissimo
1252 2878 1466 2966 documento,
1490 2877 1581 2968 quod
1715 2887 1719 2896 '

317 3003 513 3092 ubicunque
540 3001 743 3091 Propertius
768 3002 811 3072 de
843 3023 906 3072 sua
923 3001 991 3073 fide
1008 3003 1175 3092 loquitur,
1194 3008 1435 3094 praeterquam
1452 3002 1488 3072 in
1507 3003 1580 3092 ipso

317 3127 416 3200 initio
445 3124 608 3198 carminis
635 3125 925 3216 III,15.,prius
953 3126 996 3198 de
1024 3126 1168 3216 perfidia
1204 3134 1240 3198 et
1269 3127 1513 3214 inconstantia,
1547 3132 1581 3197 et

317 3257 458 3344 praeter
476 3250 524 3341 ΙΙ,
546 3253 682 3342 2Ο,13.
699 3251 790 3341 etIl,
808 3253 843 3340 7,
863 3253 911 3341 7.,
925 3250 986 3321 ubi
1005 3272 1026 3321 a
1044 3272 1081 3322 se
1099 3250 1265 3341 perfidiae
1275 3253 1402 3323 crimen
1415 3249 1579 3340 defendit,

319 3382 354 3447 et
371 3380 512 3466 praeter
528 3374 577 3462 II,
599 3377 660 3466 25,
687 3379 735 3465 9.,
760 3375 821 3445 ubi
840 3375 882 3445 de
902 3377 1046 3448 aliarum
1068 3395 1183 3446 rerum
1206 3363 1436 3464 inconstantia
1458 3383 1512 3447 est
1528 3377 1580 3448 lo-

320 3504 432 3587 cutus,
460 3497 586 3588 ubique
615 3499 658 3568 dc
686 3500 797 3572 aliona
824 3499 970 3590 perfidia
996 3499 1160 3588 disputat.
1191 3500 1286 3589 Quos
1313 3502 1407 3573 locos
1433 3504 1579 3576 hicnon

319 3643 541 3715 gravaremur
577 3623 793 3715 exscribere,
823 3625 885 3696 nisi
908 3626 987 3714 post
1009 3623 1131 3694 iisdem
1155 3622 1197 3694 ad
1221 3622 1283 3714 IV,
1305 3627 1338 3696 7.
1361 3647 1446 3716 opus
1470 3635 1578 3700 osset:

320 3769 409 3821 nnuc
433 3746 584 3819 numeris
612 3751 751 3819 notasse
779 3749 863 3821 satis
891 3747 1070 3818 babemus:
1104 3747 1168 3838 IV,
1198 3751 1233 3839 7,
1265 3754 1324 3820 51.
1354 3751 1419 3840 ΙΠ,
1451 3755 1512 3842 25,
1544 3757 1578 3825 3.

318 3874 365 3964 II,
388 3877 449 3963 21,
473 3874 532 3943 19.
555 3874 690 3962 24,33.
713 3875 772 3944 99.
789 3875 922 3962 17,17.
944 3875 979 3961 9,
1001 3874 1136 3944 2541.
1159 3875 1266 3964 8,]3.
1291 3878 1325 3964 6,
1347 3876 1446 3966 41.Ι,
1472 3879 1529 3966 19,
1544 3880 1577 3948 5.

324 3995 1579 4090 18,11‚15,2a.12,19.11‚21.a,21.Neesemperoodempaeto

320 4145 342 4195 a
363 4121 507 4212 perfidia
526 4120 570 4192 ad
587 4119 689 4192 fidem
712 4123 857 4210 transit;
882 4141 984 4211 saepe
1002 4121 1216 4213 simpliciter,
1236 4123 1406 4194 interdum
1425 4144 1487 4213 per
1505 4145 1577 4197 mo·

321 4247 532 4319 donationem
556 4244 738 4335 quamdam
761 4245 864 4318 animi
888 4252 923 4317 et
950 4246 1144 4336 ignoscendi
1172 4246 1396 4338 clementiam,
1421 4253 1457 4319 at
1478 4250 1578 4340 plane

322 4372 441 4446 similis
460 4369 627 4443 transitus
646 4374 699 4442 est
715 4369 751 4442 in
768 4370 815 4463 11,
838 4373 897 4462 17,
921 4372 966 4442 17
983 4392 1010 4441 a.

431 4621 489 4694 15.
509 4619 611 4694 Nunc
629 4619 742 4692 iacere
763 4640 781 4691 e
800 4617 886 4691 duro
905 4639 1030 4710 corpus
1048 4617 1141 4709 licet,
1161 4616 1276 4710 impia,
1297 4642 1379 4694 saxo

558 4744 700 4818 Sumere
718 4750 753 4816 et
770 4744 805 4816 in
823 4750 958 4816 nostras
976 4744 1062 4817 trita
1079 4763 1210 4815 venena
1227 4765 1356 4818 manus.
1377 4785 1426 4798 -
