3600 5594
735 487 936 556 ...77-

205 700 292 770 *satis
323 697 442 768 mirari
465 716 534 766 uon
561 715 712 784 possum,
741 717 802 766 cur
829 697 916 768 hanc
941 697 1081 784 elegiam
1108 698 1151 768 ad
1173 697 1271 770 ludos
1293 701 1463 790 Apollinis
1535 775 1537 780 ,

131 811 134 818 ’
210 824 340 894 Actiaci
364 821 531 910 referant,
556 840 699 909 quorum
724 841 791 890 non
814 820 918 890 verbo
942 821 1069 892 mentio
1093 822 1275 893 iniiciatur.
1305 825 1461 896 Luettio-

208 947 336 1018 haunes
355 967 418 1016 nos
437 947 480 1016 ad
500 943 765 1032 Hertzbergium
795 942 947 1032 (Quaen.
968 945 1071 1032 Prop.
1092 968 1125 1035 p.
1148 950 1209 1016 28.
1230 955 1266 1018 et
1286 950 1386 1039 228),
1407 950 1463 1022 bic

208 1069 249 1140 ad
272 1069 407 1140 Barthii
431 1068 547 1139 Vitam
572 1067 746 1158 Propertii
775 1071 818 1154 (p.
847 1067 1051 1157 LXXXVI.)
1074 1069 1221 1158 delegat,
1250 1070 1305 1140 ille
1333 1078 1458 1163 autern,

206 1193 320 1264 Huius
338 1194 446 1284 ipsius
464 1192 517 1262 rei
536 1190 571 1280 (i.
593 1211 622 1260 e.
644 1191 858 1262 devictorum
875 1189 1155 1280 sicambrorum),
1167 1193 1288 1283 inquit,
1308 1197 1463 1267 meminit

208 1337 344 1406 quoque
363 1315 564 1405 Propertius
583 1305 711 1384 celebri
730 1313 789 1383 illa
808 1313 893 1402 eleg.
918 1318 950 1384 6.
970 1313 1051 1383 libri
1072 1320 1120 1405 4.,
1141 1337 1228 1404 quae
1248 1317 1333 1388 adeo
1348 1320 1462 1390 novis·

208 1441 328 1510 simam
347 1441 498 1508 continet
515 1438 679 1525 temporis
698 1443 813 1506 notam
837 1437 880 1504 in*
890 1436 1065 1524 Propertii
1085 1440 1305 1526 carminibus,
1325 1447 1365 1511 ut
1383 1463 1463 1530 pro-

207 1561 321 1633 babile
341 1563 386 1632 sit
405 1562 491 1631 hanc
512 1560 654 1649 elegiam
675 1558 731 1628 vel
751 1560 815 1629 hoc
835 1560 909 1647 ipso
938 1581 1024 1629 anno
1050 1561 1101 1630 vel
1122 1563 1183 1632 sub
1202 1560 1305 1648 finem
1323 1585 1461 1653 praece·

210 1685 322 1756 dentis
342 1685 420 1754 anni
447 1705 561 1754 mense
580 1683 776 1771 Septembri
804 1683 966 1771 scriptam
991 1704 1076 1771 esse,
1106 1704 1172 1772 quo
1192 1697 1343 1774 ternpore
1362 1689 1462 1758 nimi-

209 1831 285 1879 rum
317 1809 406 1879 Ludi
437 1807 704 1896 quinquennales
735 1806 778 1876 ab
814 1807 967 1894 Augusto
1000 1808 1036 1876 in
1068 1809 1268 1878 memoriam
1300 1813 1463 1883 Actiacae

208 1934 372 2004 victoriae
398 1931 548 2001 instituti
573 1928 737 2000 celebrati
765 1928 860 1998 fuere
886 1950 954 2000 sec.
974 1929 1074 2000 Dion.
1097 1930 1193 2002 Cass.
1214 1931 1235 2003 l.
1257 1932 1348 2004 LIV.
1376 1935 1464 2005 Nam

208 2058 322 2146 potuit
343 2055 549 2143 Propertius
576 2062 739 2142 tanquam
767 2066 862 2123 vates
887 2052 988 2123 etiam
1003 2052 1058 2147 ¹de
1081 2075 1119 2124 re
1143 2065 1236 2126 certe
1265 2065 1402 2144 sperata
1430 2067 1465 2130 et

208 2180 364 2270 proxime
388 2177 505 2248 futura
530 2196 674 2247 canere:
699 2176 761 2246 Ille
785 2175 966 2264 paludosos
989 2183 1153 2248 memoret
1176 2187 1257 2250 cett.
1283 2179 1378 2266 Quae
1405 2203 1463 2252 res

212 2305 255 2372 sit
272 2323 370 2372 nemo
388 2321 451 2371 uon
477 2301 581 2371 videt.
613 2298 709 2386 Quod
738 2319 827 2368 crtus
856 2299 897 2368 de
925 2307 1077 2387 tempore
1106 2301 1178 2370 eius
1201 2304 1361 2374 carminis
1381 2307 1465 2378 satis

214 2424 403 2495 diffidenter
427 2426 597 2511 opinatur,
626 2423 662 2493 id
681 2423 770 2492 alter
787 2443 850 2511 pro
870 2429 965 2492 certo
985 2424 1101 2509 sumit,
1122 2404 1245 2496 tertius
1264 2447 1346 2497 vero
1366 2449 1407 2498 eo
1421 2431 1464 2500 ad

212 2531 321 2636 ipsum
341 2569 477 2618 carmen
496 2547 759 2636 oppugnandum
779 2553 813 2616 et
832 2546 1088 2634 discerpendum
1109 2547 1275 2618 abutitur.
1298 2550 1466 2624 Coniunc-

210 2673 288 2742 tivis
307 2671 508 2742 autemillis
528 2676 563 2741 et
581 2669 698 2739 futuro
717 2669 919 2756 Propertius
938 2690 1005 2738 non
1029 2670 1129 2739 modo
1150 2670 1191 2740 ad
1211 2671 1320 2762 ludoS,
1346 2677 1406 2746 sed
1424 2696 1466 2747 ne

212 2797 252 2866 ad
272 2795 465 2884 Apollinem
489 2793 626 2883 quidem
649 2793 907 2880 celebrandurn,
930 2813 1047 2861 verum
1072 2793 1114 2863 ad
1139 2796 1285 2866 convivii
1308 2799 1465 2870 hilarita-

212 2926 281 2991 tem
300 2926 335 2989 et
359 2918 507 3006 Augusti
526 2917 688 3004 victorias
715 2915 902 2987 laudandas
920 2916 1143 3004 adhortatur3
1165 2939 1252 3006 quae
1270 2921 1465 2994 adhortatio

211 3045 246 3114 iu
264 3062 362 3114 omne
380 3041 511 3130 pariter
529 3048 665 3126 tempus
685 3038 921 3127 conveniebat,
944 3060 1011 3109 non
1036 3040 1071 3108 in
1093 3040 1128 3109 id
1152 3043 1377 3134 potissimum,
1398 3067 1465 3136 quo

211 3167 283 3238 ludi
305 3165 355 3236 illi
379 3162 593 3252 Apollinares
616 3161 801 3231 instabant.
827 3160 955 3231 Verum
978 3169 1092 3232 tamen
1112 3163 1166 3233 vel
1188 3165 1231 3235 ad
1255 3165 1353 3237 ludos
1376 3169 1463 3260 illos,

212 3311 291 3361 curn
318 3289 497 3359 sollemnes
520 3292 557 3356 et
577 3287 659 3356 stati
683 3293 809 3372 esseut,
840 3285 931 3354 omni
957 3294 1108 3373 tempore
1132 3293 1270 3375 poterat
1298 3289 1468 3364 celebran-

213 3414 275 3485 dos
292 3412 445 3497 hortari;
465 3411 529 3481 nisi
549 3409 637 3481 forte
657 3406 818 3480 Ovidium
837 3415 969 3479 statuas
983 3408 1076 3480 Fast.
1097 3409 1140 3500 V,
1163 3414 1235 3481 597
1242 3467 1249 3483 .
1302 3403 1308 3423 '

422 3621 610 3694 Sollemoes
628 3620 728 3690 ludos
748 3617 850 3690 Circo
869 3619 1053 3706 celebrate,
1075 3619 1246 3707 Quirites!

214 3836 256 3907 de
275 3834 389 3905 Marte
407 3830 528 3902 Ultore
548 3835 627 3900 aute
646 3831 739 3917 ipsos
758 3830 831 3901 eius
853 3831 950 3902 ludos
972 3832 1164 3923 scripsisse,
1193 3841 1254 3904 aut
1272 3836 1315 3906 ad
1332 3836 1466 3930 Matro-

214 3958 303 4029 nalia
320 3958 387 4027 rite
407 3954 538 4044 agenda
556 3953 619 4042 ΙΙΙ,
641 3956 728 4025 253.

369 4175 472 4246 Ferte
493 4174 575 4245 deae
588 4171 710 4242 flores:
730 4174 856 4260 gaudet
868 4170 1070 4246 florentibus
1088 4176 1205 4249 herbis

423 4299 517 4370 Haec
538 4299 623 4369 dec:
644 4297 686 4366 de
705 4304 823 4368 tenero
838 4298 963 4386 cingite
978 4297 1063 4368 flore
1082 4307 1195 4390 caput.
1210 4342 1258 4354 -

214 4528 292 4591 ante
313 4517 481 4591 emendas
500 4517 646 4588 Martias
664 4516 895 4588 adhortatum.
921 4516 990 4589 Sed
1008 4517 1093 4590 satis
1117 4517 1277 4590 deludis.
1303 4517 1393 4608 Quid
1413 4543 1465 4592 se-

214 4650 340 4734 quatur
366 4641 567 4730 Propertius
591 4648 710 4728 aperte
737 4638 918 4730 profitetur
944 4661 1011 4711 uss.
1041 4644 1099 4712 ll.
1129 4649 1164 4713 et
1193 4645 1252 4713 67.
1276 4643 1400 4732 quibus
1428 4667 1464 4717 se

213 4768 297 4840 dicit
325 4786 462 4838 causam
488 4764 583 4836 aedis
606 4764 772 4855 Apollinis
796 4763 943 4836 Palatini
967 4765 1150 4854 explicare.
1179 4766 1299 4856 Neque
1323 4774 1376 4840 est
1403 4791 1465 4841 cur
